3016 4888
313 309 335 332 -·
355 290 395 354 8
1225 304 1450 354 οΑΡνΤ
1495 305 1790 354 PRIMVM.

356 459 520 545 legis
574 459 788 523 locum
847 458 1272 525 succederent
1301 458 1511 543 eique
1548 459 1751 544 quasi
1800 457 2227 524 fundamento
2278 472 2649 546 superstru-

359 570 625 626 erentur
646 561 723 644 1):
782 569 978 646 atque
1033 559 1593 646 quemadmodum.
1630 569 1782 646 post
1834 559 2045 644 legem
2097 561 2453 627 Aebutiam
2508 573 2649 630 tota

357 661 725 726 iurisdictio
780 685 981 747 penes
1028 671 1364 748 praetores
1406 671 1581 745 erat,
1632 663 1725 728 ita
1774 664 2167 728 auctoritate
2216 661 2326 728 lex
2374 665 2649 730 cedebat

357 765 677 850 praetoris
711 763 947 830 edicto,
965 765 1020 850 2)
1062 763 1187 828 His
1218 787 1353 830 non
1381 773 1784 851 repugnant,
1815 765 2013 830 immo
2044 765 2239 830 fidem
2268 765 2521 832 addunt
2549 790 2649 850 ea,

360 887 526 951 quae
558 865 638 930 de
667 863 830 950 legis
865 866 1130 930 statutis
1165 864 1561 932 oblitteratis
1603 888 1685 930 >ac
1722 877 1952 952 postea
1994 867 2212 931 denuo·
2250 877 2499 933 mutato
2539 892 2649 934 no-

358 967 534 1030 mine
615 965 973 1052 habituque
1056 968 1462 1054 temporibus
1536 968 2030 1034 accommodato
2103 969 2650 1038 reviviscentibus

358 1067 682 1134 Macrobii
713 1068 1083 1134 testimonio
1117 1070 1546 1154 comperimus
1578 1067 1717 1134 Sat.
1749 1069 1857 1134 III
1890 1073 1988 1152 17,
2021 1071 2059 1136 8
2104 1077 2191 1134 ‘in
2230 1092 2307 1134 ea
2346 1079 2502 1136 enim
2538 1077 2650 1148 fe-
2697 1142 2702 1150 ,

358 1174 590 1232 renda'
631 1168 1032 1256 —loquitur
1073 1169 1155 1234 de
1195 1170 1340 1254 lege
1368 1171 1628 1235 Licinia
1672 1173 2081 1258 sumptuaria
2108 1212 2194 1246 --‚-
2223 1177 2525 1252 ‘quaesita
2566 1186 2655 1238 est

285 1343 292 1348 ᾗ
361 1292 548 1336 novae
590 1278 738 1350 leyis
777 1277 1104 1336 auctoritas
1147 1280 1513 1338 exolescente
1542 1283 1698 1338 metu
1724 1281 1871 1352 leqis
1901 1281 2254 1354 antiquioris
2280 1282 2367 1340 ita
2378 1323 2397 1354 ,
2427 1281 2650 1340 hercu—

311 1376 314 1380 ’
359 1380 472 1451 les,
519 1384 586 1438 ut
621 1380 700 1444 de
755 1380 898 1454 ipsis
939 1379 1250 1464 duodecim
1295 1379 1512 1440 tabulis
1547 1380 1784 1451 factum
1832 1387 1952 1440 est:
2005 1397 2261 1454 quarum
2300 1382 2427 1441 ubi
2462 1399 2498 1442 c
2512 1397 2599 1440 on
2613 1414 2650 1426 -

361 1483 591 1540 temni
615 1483 1040 1554 antiquitas
1077 1483 1589 1555 coepit,·eadem
1618 1484 1728 1542 illa
1758 1499 1914 1556 quae
1942 1485 2060 1542 illis
2088 1484 2313 1558 ,leqibus
2341 1485 2647 1544 caveban-

265 1569 278 1581 ‘
360 1589 487 1654 tur,
519 1584 582 1640 in
611 1585 737 1642 alia
768 1585 1022 1642 latorum
1051 1585 1291 1642 nomina
1321 1586 1733 1644 transierunt?

530 1677 774 1745 Contra
813 1677 979 1764 legi-s
1023 1702 1182 1744 usus
1225 1679 1364 1745 fere
1394 1679 1721 1765 relegatus
1764 1703 1805 1745 a
1845 1683 1989 1746 foro
2029 1682 2099 1744 in
2130 1682 2368 1747 scholis
2402 1683 2651 1748 diutius

363 1781 670 1846 obtinuit.
730 1780 902 1845 Nam
944 1781 1070 1846 etsi
1111 1781 1196 1844 ad
1229 1781 1644 1868 disciplinam
1686 1792 1752 1848 et
1792 1783 2007 1867 ipsam
2050 1785 2417 1867 augendam
2449 1784 2651 1850 Grae-

300 1897 301 1904 *
361 1903 584 1946 corum
607 1881 981 1968 exemplum
1004 1905 1194 1962 suum
1216 1893 1619 1950 momentum
1642 1882 1892 1964 habuit,
1918 1892 2139 1947 tamen
2158 1884 2337 1949 Livii
2362 1884 2655 1970 Odyssia

360 1984 431 2048 in
469 1982 656 2048 ludos
703 1983 992 2049 admissa
1031 2008 1163 2049 non
1203 1975 1427 2050 statim
1466 1986 1623 2050 inde
1676 1984 2058 2050 exturbavit
2096 1984 2238 2048 XII
2278 1984 2653 2052 tabularum

365 2086 652 2151 studium
670 2085 756 2172 3):
803 2087 1001 2152 immo
1044 2087 1168 2150 hoc
1207 2108 1326 2172 per
1357 2086 1485 2152 duo
1528 2086 1665 2152 fere
1696 2085 1959 2152 saecula
2004 2088 2202 2150 etiam
2234 2088 2653 2152 coniunctum

367 2209 514 2254 cum
541 2186 659 2253 illa
687 2188 960 2269 mansit,
1004 2189 1315 2273 quamdiu
1343 2188 1627 2253 Romani
1667 2189 1737 2250 in
1780 2209 1854 2252 eo
1896 2185 2157 2252 laudem
2198 2189 2651 2274 capessebant,

359 2311 444 2354 ne
491 2310 651 2375 prae
693 2279 920 2352 alienis
978 2299 1042 2354 et
1083 2289 1474 2354 adventiciis
1519 2287 1936 2373 neglegerent
1984 2311 2106 2354 sua
2155 2311 2232 2352 ac
2284 2289 2649 2376 popularia.

367 2391 598 2476 Atque,
628 2411 824 2476 quam
859 2389 990 2457 late
1032 2390 1324 2475 patuerit
1365 2391 1563 2455 etiam
1608 2390 1883 2475 septimo
1930 2389 2191 2457 saeculo
2234 2391 2412 2476 apud
2453 2413 2653 2478 popu-

362 2492 499 2557 lum
527 2492 692 2577 legis
725 2491 1038 2577 cognitiO,
1069 2491 1177 2557 vel
1207 2515 1290 2559 ex
1321 2492 1412 2557 eis
1445 2494 1869 2578 conspicuum
1899 2493 1974 2558 fit
2004 2516 2170 2579 quae
2196 2493 2385 2558 huius
2418 2494 2653 2558 aetatis

367 2595 752 2678 scriptores,
783 2595 1068 2660 maxime
1097 2604 1358 2680 poetae,
1389 2594 1544 2659 inde
1576 2595 1922 2681 desumpta
1962 2596 2031 2658 in
2062 2618 2250 2660 suum
2278 2617 2471 2661 usum
2511 2617 2654 2660 ver·

364 2706 605 2772 terunt.
666 2695 940 2772 Namut
969 2695 1150 2781 apud
1178 2694 1513 2779 Plautum,
1539 2696 1948 2778 Terentium,
1981 2697 2301 2779 Ennium,
2334 2697 2429 2761 ita
2458 2696 2653 2761 etiam

363 2798 434 2862 in
473 2796 748 2879 Lucilii,
794 2796 1088 2878 Afranii,
1129 2796 1440 2863 Varronis
1481 2797 1775 2885 reliquiis
1818 2807 2167 2864 occurrunt
2186 2797 2443 2884 ‚quibus
2486 2806 2657 2862 tecte

367 2898 699 2965 alludatur
727 2899 813 2963 ad
842 2898 1005 2983 legis
1036 2898 1242 2964 verba
1270 2908 1336 2964 et
1363 2901 1458 2963 ita
1487 2900 1783 2985 quidem,
1826 2912 1900 2965 ut
1944 2922 2210 2965 acumen
2246 2900 2377 2965 nisi
2418 2898 2530 2986 qui
2570 2897 2657 2963 le-

369 3206 494 3241 cum
529 3190 675 3240 hanc
709 3190 888 3255 ipsam
932 3205 1046 3239 rem
1093 3190 1304 3241 diceret
1351 3205 1544 3241 ansam
1590 3190 1910 3255 praebuisse
1958 3190 2102 3255 legis
2149 3190 2338 3240 statim
2388 3190 2659 3255 abrogan-

369 3276 472 3324 dae
527 3301 592 3310 —
648 3274 790 3339 quod
853 3276 1074 3326 minime
1139 3278 1376 3327 suadent
1436 3276 1719 3326 Labeonis
1783 3275 1955 3327 verba
2008 3279 2324 3339 ‘propterea
2381 3282 2660 3339 praetores

361 3367 591 3426 postea
624 3361 755 3410 hanc
791 3360 1082 3411 abolescere
1118 3369 1168 3411 et
1211 3363 1432 3426 relinqui
1463 3370 1769 3411 censuerunt
1816 3378 1866 3411 e.
1903 3377 1952 3425 q.
1991 3362 2056 3413 s?
2107 3363 2163 3409 et
2196 3374 2318 3407 cum
2357 3359 2485 3409 hinc
2523 3360 2659 3410 adeo

372 3450 587 3510 tempus
635 3460 740 3509 quo
789 3446 848 3495 id
892 3447 1069 3509 ipsum
1119 3451 1300 3497 actum
1349 3449 1496 3495 esset
1546 3450 1805 3495 accurate
1852 3444 2130 3494 definiret:
2179 3458 2283 3492 nec
2332 3443 2509 3493 minus
2545 3444 2658 3493 Ru-

369 3529 620 3581 dorffium
664 3534 796 3595 puto
842 3531 1069 3580 nimium
1117 3532 1168 3581 ei
1213 3531 1296 3582 rei
1332 3534 1663 3579 momentum
1699 3529 1986 3589 tribuisse,
2038 3528 2130 3593 qui
2164 3528 2449 3577 Veratium
2494 3530 2661 3578 istum

368 3616 515 3665 inter
549 3614 788 3665 ficticias
823 3616 960 3665 iuris
997 3616 1262 3666 historiae
1308 3630 1574 3680 personas
1624 3629 1744 3663 cum
1779 3612 2035 3662 Vindicio
2082 3627 2240 3663 servo
2290 3612 2526 3677 aliisque
2573 3628 2657 3662 re-

377 3701 489 3749 fert
522 3700 594 3749 Η.
632 3700 734 3754 iur.
773 3716 904 3751 rom.
941 3700 969 3750 I
1004 3716 1057 3765 p.
1098 3702 1194 3751 105
1230 3714 1282 3747 n.
1319 3702 1367 3750 5.
1530 3696 1535 3701 ’

507 3800 546 3866 ¹)
583 3802 745 3853 Hanc
780 3819 894 3853 rem
932 3800 1277 3853 memorabili
1311 3802 1636 3851 iniuriarum
1674 3800 1913 3850 actionis
1952 3799 2197 3865 exemplo
2222 3798 2513 3864 praeclare
2538 3815 2661 3864 per-

369 3890 594 3938 secutus
634 3891 719 3937 est
753 3887 1077 3937 Huschkius
1114 3887 1150 3936 1.
1188 3886 1221 3935 l.
1261 3903 1310 3951 p.
1350 3888 1447 3936 128
1484 3900 1605 3949 sqq.

504 3986 550 4054 2)
600 3990 674 4044 cf.
713 3990 908 4042 Cicero
946 3988 1012 4039 de
1059 3988 1166 4054 leg.
1213 3987 1241 4037 I
1287 3990 1344 4049 5,
1385 3990 1463 4039 17.
1545 3987 1661 4039 Non
1708 4004 1829 4052 ergo
1877 4004 1909 4035 a
1949 3988 2291 4050 praetoris
2336 3986 2553 4037 edicto
2596 3994 2661 4036 ut
2725 3994 2733 4001 ’

365 4076 665 4140 plerique
700 4092 882 4135 nunc,
921 4090 1081 4139 neque
1119 4090 1151 4123 a
1177 4073 1300 4122 XII
1321 4071 1506 4122 tabulis
1540 4080 1595 4123 ut
1628 4074 2039 4137 superiores,
2074 4073 2172 4123 sed
2198 4072 2405 4135 penitus
2440 4087 2511 4121 ex
2544 4073 2661 4135 ipsa

289 4170 294 4174 ·
365 4160 690 4223 philosophia
723 4160 1054 4210 hauriendam
1089 4160 1214 4207 iuris
1252 4158 1572 4222 disciplinam
1601 4165 1775 4222 putas.

503 4259 543 4323 3)
583 4261 707 4321 Qua
741 4262 800 4310 in
836 4277 895 4310 re
931 4274 1122 4325 parum
1159 4245 1418 4323 temporis
1455 4260 1728 4311 rationem
1764 4260 1945 4311 tenuit
1978 4259 2347 4310 Mommsenus
2383 4258 2453 4310 H.
2498 4258 2564 4307 R.
2602 4256 2657 4305 II

369 4360 425 4409 p.
461 4345 578 4397 425.
654 4346 725 4395 cf.
764 4343 958 4408 Cicero
995 4343 1062 4394 de
1101 4344 1206 4409 leg.
1247 4344 1302 4395 ΙΙ
1339 4346 1420 4404 23,
1459 4345 1542 4396 59.
