3016 4888
435 310 515 373 14
1285 325 1511 375 GAPv'r
1554 329 1847 378 PRva.

431 477 551 542 Ille
593 478 766 543 enim
793 480 1252 565 perspicuitati
1285 482 1554 546 studens
1585 483 1655 546 in
1686 504 1873 546 suum
1902 505 2097 548 usum
2126 483 2451 550 convertit
2480 482 2713 571 legem,

430 601 560 646 non
591 581 782 646 citat:
817 581 988 647 sicut
1019 581 1178 647 ali-bi
1209 602 1465 668 quoque
1494 581 1582 645 ad
1611 604 1757 648 eam
1779 585 2045 670 respicit
2070 583 2253 651 Fonte
2275 609 2407 652 non
2427 586 2716 651 indicato

433 680 548 766 (cf.
582 682 650 746 ΙΙ
687 683 800 764 13,
836 682 916 746 19
944 711 1030 738 ==
1057 682 1094 747 I
1128 685 1194 766 13
1223 683 1310 747 20
1337 711 1420 738 =
1450 685 1484 748 I
1514 685 1555 748 3
1588 693 1653 748 et
1680 685 1749 768 6)
1780 723 1865 732 -—-—
1893 709 1977 750 ne
2018 687 2085 751 id
2116 707 2619 766 commemorem
2646 689 2716 752 in

434 782 616 849 libro
658 781 1080 850 celeberrimo
1135 807 1253 870 per
1303 793 1513 850 totum
1558 787 1847 851 medium
1906 797 2145 854 aev'um
2202 789 2505 856 manibus
2556 792 2713 856 trito

429 885 619 971 plura
660 884 910 971 antiqui
931 887 1272 955 ¹sermonis
1317 887 1601 972 vestigia
1648 889 1779 952 iam
1820 899 1971 954 ante
2013 899 2386 956 nostrorum
2417 891 2717 956 codicum

431 987 813 1052 memoriam
846 987 1136 1053 extincta
1165 987 1451 1072 fuisse.¹)
1481 1027 1568 1035 ——
1612 988 1827 1054 Aliter
1870 1012 2028 1055 sane
2070 1013 2175 1056 res
2208 1015 2279 1057 se
2307 987 2508 1059 habet
2536 991 2713 1079 apud

428 1227 507 1278 XI
544 1227 628 1290 14)
667 1228 993 1278 adversatur
1027 1227 1370 1294 Boeckingio
1408 1227 1663 1292 ‘familia’
1703 1229 1829 1280 inde
1866 1231 1973 1296 ipsi
1997 1230 2239 1297 Ulpiano
2263 1233 2593 1283 restituenti.
2642 1231 2715 1282 At

429 1313 574 1379 quod
610 1312 936 1364 alterutrum
972 1311 1151 1362 omitti
1187 1328 1255 1363 ex
1288 1327 1348 1362 re
1385 1313 1559 1364 fuisse
1594 1317 1947 1380 utrorumque
1985 1318 2210 1379 statuit,
2252 1321 2309 1367 et
2331 1317 2558 1367 nimium
2585 1332 2714 1382 pro-

425 1398 622 1451 bat-et
655 1412 850 1464 parum
887 1398 1134 1463 explicat
1167 1397 1663 1450 iureconsultorum
1690 1400 2187 1465 conspirationem,
2228 1417 2295 1452 ex
2322 1401 2521 1465 quibus
2545 1401 2711 1452 Paul-

427 1481 538 1534 lum
573 1500 641 1536 ne
677 1483 865 1548 legere
901 1482 1122 1548 quidem
1153 1484 1400 1550 potuisse
1426 1485 1663 1548 ‘familia'
1692 1501 1758 1534 ex
1781 1485 2091 1535 sententiae
2117 1485 2333 1536 ratione
2358 1487 2711 1538 manifestum

430 1573 530 1623 est.
612 1570 752 1619 Tum
799 1567 1070 1639 familiam
1118 1569 1261 1634 quod
1311 1570 1520 1635 accipit
1564 1569 1631 1620 de
1679 1569 2031 1620 successione
2079 1570 2251 1620 et·in
2293 1571 2712 1621 universitatem
2772 1573 2777 1577 '

429 1653 796 1719 acquisitione
835 1653 932 1716 (cf.
973 1654 1140 1703 etiam
1178 1654 1330 1705 Stud.
1366 1655 1467 1704 iur.
1505 1669 1637 1706 rom.
1675 1671 1727 1720 p,
1764 1656 1881 1705 248.
1919 1651 2295 1718 Bocckingius
2319 1655 2499 1706 Pand.
2534 1672 2586 1720 p.
2615 1657 2712 1706 162

426 1740 456 1800 ὅ
491 1739 640 1802 42⁶),
687 1753 752 1789 eo
799 1752 971 1788 sensu⁴
1009 1753 1202 1788 vereor
1253 1742 1316 1789 ut
1359 1739 1656 1790 secundum
1708 1739 1843 1788 iuris
1895 1741 2141 1788 rationes
2196 1744 2325 1804 apte
2383 1739 2494 1789 dici
2542 1739 2713 1790 liceat

375 1872 384 1879 .
427 1828 622 1890 ‘legare
658 1837 824 1889 super
855 1823 1116 1873 familia.’
1189 1823 1296 1874 Sed
1341 1839 1565 1888 prorsus
1614 1821 2006 1872 eodem·modo
2052 1823 2240 1874 rhetor
2283 1824 2342 1871 in
2387 1823 2511 1887 lege
2550 1839 2712 1890 quam

425 1910 616 1960 statim
653 1907 808 1958 addit
843 1909 912 1958 *εἰ
940 1909 1314 1972 paterfamiliae
1349 1911 1589 1958 incestato
1611 1909 1847 1970 moritur,
1882 1909 2139 1971 familia
2171 1910 2569 1974 pecuniaque
2606 1912 2713 1960 eius

426 1999 698 2060 adamatum
728 1994 1080 2058 gentiliumque
1127 1995 1256 2044 esto'
1291 2017 1362 2028 —
1402 1993 1462 2041 in
1494 1991 1605 2044 XII
1653 1997 1737 2044 est
1782 1995 2058 2056 ‘adgnata-3
2098 1995 2368 2058 proximus
2404 1995 2713 2056 familiam

425 2081 628 2132 habeto’
679 2082 734 2128 et
779 2079 1013 2143 ‘yentilee
1050 2077 1354 2147 familiam
1401 2077 1637 2129 habento'
1673 2103 1744 2114 —
1784 2077 1965 2128 iunxit
2001 2079 2217 2142 ‘familia
2258 2079 2595 2143 pecuniaque'
2645 2095 2713 2130 ex

427 2163 745 2230 frequentia
780 2161 1106 2228 posterioris
1141 2176 1296 2224 usus,
1339 2161 1519 2227 qualis
1544 2165 1653 2212 iam
1679 2167 1913 2228 apparet
1936 2164 1993 2212 in
2018 2157 2449 2228 mancipationis
2475 2163 2712 2214 formula

426 2250 574 2315 apud
623 2249 824 2300 Gaium
857 2246 914 2296 II
961 2246 1057 2295 104
1103 2246 1373 2307 ‘familiam
1415 2249 1778 2313 pecuniamque
1823 2255 1959 2298 tuam
2004 2251 2134 2299 endo
2179 2251 2465 2298 mandatam
2509 2253 2711 2299 tutelam

425 2335 830 2398 custodelamque
864 2333 1040 2380 meam’
1078 2345 1124 2381 e.
1166 2345 1216 2395 q.
1253 2345 1297 2379 s.
1337 2330 1410 2379 cf.
1451 2329 1669 2380 Gellius
1704 2331 1731 2380 1
1768 2335 1817 2396 9,
1859 2334 1938 2384 12.
1988 2332 2045 2382 ΙΙ
2080 2334 2167 2396 24,
2206 2335 2289 2385 12.
2338 2333 2468 2384 XVI
2507 2337 2589 2396 10,
2629 2337 2708 2385 11.

426 2421 631 2472 Festus
673 2433 726 2471 v.
771 2420 1048 2469 sacratae.
1100 2413 1398 2466 Suetonius
1441 2415 1587 2467 Nero
1628 2418 1663 2465 4
1711 2416 1814 2470 al.=
1857 2418 1953 2469 ubi
1998 2417 2141 2483 quod
2189 2417 2397 2483 duplici
2438 2418 2711 2471 vocabulo

429 2506 750 2573 exprimitur
781 2528 852 2539 —
884 2502 996 2556 vid.
1033 2502 1204 2553 Inscr.
1245 2502 1399 2553 Grut.
1435 2518 1486 2567 p.
1526 2502 1625 2553 636
1661 2518 1711 2553 n.
1753 2505 1784 2553 9
1822 2504 2083 2566 ‘familiam
2114 2506 2397 2555 manumisit
2422 2507 2709 2569 pecuniam·

427 2606 521 2657 que
559 2630 572 2643 .
612 2624 626 2639 .
663 2628 675 2643 .
714 2592 756 2641 .'
804 2614 872 2625 —
916 2586 974 2637 id
1019 2586 1140 2638 sola
1186 2587 1519 2653 pecuniae
1565 2592 1789 2639 notione
1834 2590 1893 2639 in
1934 2589 2043 2639 XII
2090 2590 2541 2655 comprehensum
2588 2604 2709 2640 esse

405 2665 642 2727 ‘Plinius
677 2673 838 2724 docet
873 2673 1004 2722 XXI
1038 2674 1090 2734 5,
1129 2674 1176 2723 7.
1241 2672 1312 2725 cf.
1351 2672 1492 2725 Tab.
1520 2673 1568 2722 V
1606 2676 1635 2723 7
1674 2676 1742 2723 ‘si
1768 2674 1999 2739 fui-iosus
2035 2676 2162 2724 escit
2197 2700 2261 2709 -—
2298 2678 2567 2741 adquatum
2588 2692 2710 2739 yen-

427 2764 679 2827 tiliumque
713 2762 766 2809 in
801 2774 861 2809 eo
891 2758 1292 2823 pecuniaque
1327 2758 1435 2808 eius
1467 2766 1698 2823 potestas
1744 2761 1907 2823 esto’,
1944 2758 2041 2809 ubi
2078 2759 2330 2821 ‘familia’
2368 2760 2428 2808 in
2474 2759 2711 2809 deterio-

424 2846 578 2897 ribus
615 2843 829 2909 aliquot
862 2842 1020 2893 libris
1055 2842 1440 2908 interpolatur.

563 2928 604 2995 ¹)
639 2930 731 2980 Ita
752 2930 781 2979 I
808 2930 889 2992 13,
925 2931 991 2980 23
1028 2930 1098 2978 ‘si
1125 2929 1354 2991 furiosus
1387 2932 1630 2980 existet
1642 2934 1658 2959 ’
1695 2932 1754 2981 in
1788 2930 2008 2996 optimis
2045 2930 2199 2981 libris
2236 2935 2551 2996 corruptum
2586 2944 2708 2982 esse

428 3030 494 3066 ex
531 3017 608 3065 ‘si
635 3016 682 3077 f.
718 3015 912 3067 eseit’
949 3012 1111 3064 fidem
1146 3013 1289 3063 facit
1325 3012 1609 3065 Ciceronis
1653 3015 1897 3065 imitatio
1939 3015 2065 3079 ipsa
2112 3030 2329 3080 quoque
2382 3018 2710 3067 correctoris

425 3115 646 3151 manum
683 3102 910 3171 experta
947 3101 1026 3148 ‘si
1053 3101 1097 3163 f.
1135 3101 1288 3148 erit'
1331 3098 1423 3161 (cf.
1459 3100 1670 3151 Paulus
1705 3099 1842 3150 Exc.
1881 3114 1949 3148 ex
1980 3100 2155 3148 Festo
2190 3116 2244 3163 p.
2283 3100 2347 3149 77
2385 3101 2526 3151 escit
2562 3100 2708 3165 erit).
2768 3118 2777 3125 ·

425 3187 500 3237 ib.
539 3186 824 3249 ‘legaverit’
863 3183 1019 3234 codd.
1059 3184 1316 3235 Rhetoris
1354 3200 1449 3249 pro
1486 3184 1736 3249 ‘leyaseit’
1773 3184 1831 3233 in
1865 3182 2148 3235 Ciceronis
2172 3184 2429 3233 Parisino
2466 3190 2707 3239 servato.

423 3270 480 3321 11
519 3272 597 3330 13,
635 3271 700 3319 '20
739 3284 805 3319 ex
837 3268 1122 3319 Prisciano
1159 3268 1373 3319 demum
1409 3269 1436 3317 I
1469 3285 1523 3333 p.
1552 3271 1651 3319 523
1685 3268 1755 3317 Η.
1793 3282 1929 3318 vera
1962 3267 2131 3320 lectio
2170 3274 2297 3319 ‘rem
2330 3268 2416 3319 ubi
2445 3273 2706 3337 payunt'

425 3354 572 3405 male
607 3358 922 3419 contempta
960 3368 994 3403 a
1017 3354 1265 3419 Kaysero
1301 3353 1360 3401 in
1393 3352 1733 3402 recentiores
1770 3352 2034 3417 quosdam
2068 3353 2241 3405 libros
2276 3354 2437 3405 Rhet.
2464 3355 2707 3420 transiit,

427 3456 548 3489 cum
586 3439 1021 3505 praestantiores
1053 3437 1306 3487 unanimi
1349 3424 1622 3487 consensu
1666 3440 1929 3487 tueantur
1974 3439 2371 3489 correctionem
2407 3444 2425 3471 ¹·
2437 3442 2708 3505 paciscun-

426 3527 549 3581 tur-⁴⁹.
621 3525 686 3575 In
724 3524 848 3576 aliis
885 3527 1074 3574 autem
1111 3523 1342 3573 aliorum
1381 3524 1670 3571 auctorum
1703 3521 1845 3572 locis
1880 3523 1998 3571 iure
2037 3521 2284 3588 dubites,
2320 3527 2501 3575 utrum
2535 3524 2706 3575 libra-

425 3610 496 3659 rii
530 3610 726 3661 vitium
765 3625 838 3659 an
872 3610 1048 3673 ipsius
1085 3606 1373 3672 scriptoris
1420 3618 1711 3669 agnoscas,
1784 3604 1953 3655 Cuius
2000 3611 2220 3671 generis
2263 3613 2351 3659 vest
2387 3611 2578 3660 ‘solis
2623 3626 2707 3659 oe-

426 3697 594 3745 easus’
633 3694 780 3760 apud
813 3694 1118 3746 Varronem
1156 3689 1288 3755 (bis)
1323 3691 1553 3739 Festum
1590 3689 1953 3741 Censorinum
1987 3692 2331 3744 Macrobium
2356 3694 2439 3757 (T.
2469 3694 2495 3743 1
2518 3692 2577 3759 9)
2610 3709 2709 3759 pro

427 3784 546 3832 ‘eol
579 3780 812 3831 occasus’
849 3777 995 3843 quod
1019 3777 1236 3829 nititur
1271 3765 1472 3825 diserto
1512 3774 1683 3824 Gellii
1725 3777 2054 3830 testimonio.
2126 3778 2471 3843 Quamquam
2517 3779 2709 3829 nescio

427 3880 500 3916 an
533 3862 828 3931 peccatum
862 3864 923 3913 in
959 3860 1110 3912 codd.
1147 3860 1329 3925 potius
1364 3861 1561 3909 innuat
1596 3859 1739 3925 quod
1773 3862 2021 3926 sequitur
2055 3863 2200 3928 apud
2224 3863 2582 3914 Censorinum
2617 3867 2713 3915 ‘ad

425 3952 616 4001 solem
651 3949 936 3999 occasum’:
969 3952 1032 3995 ut
1067 3945 1156 3997 vel
1192 3946 1320 3994 hinc
1356 3958 1549 4007 parum
1586 3946 1994 3996 commendetur
2016 3946 2247 4013 Bergkii
2284 3947 2424 3997 ratio
2462 3946 2557 4012 qui
2582 3964 2708 3999 con-

426 4038 632 4100 tempto
670 4032 853 4084 Gellio
888 4032 1050 4083 ‘solis'
1089 4032 1315 4095 agnovit
1361 4034 1649 4095 antiquum
1694 4031 2091 4082 nominativum
2136 4032 2327 4096 quales
2372 4038 2501 4083 sunt
2536 4038 2709 4083 ‘mer-

427 4120 560 4182 c'is’,
598 4118 830 4167 ‘mentis
845 4120 880 4177 ’,
918 4116 1146 4180 ‘Iovis’,
1185 4114 1335 4165 ‘sale
1350 4118 1385 4175 ⁹,
1422 4115 1635 4166 ‘lacte'
1676 4115 1749 4170 al.
1789 4113 1930 4177 (Ind.
1964 4115 2099 4165 Hal.
2139 4118 2271 4167 1860
2304 4132 2355 4182 p.
2392 4119 2443 4170 V
2476 4130 2557 4182 sq.
2594 4123 2707 4169 not.

424 4200 781 4255 Fleckeiseni
815 4200 1012 4251 Annal.
1053 4202 1179 4251 1861
1217 4216 1271 4265 p.
1309 4198 1448 4265 503).
1485 4226 1555 4237 --
1590 4199 1800 4250 Contra
1837 4215 1938 4265 pro
1977 4204 2128 4249 certo
2163 4199 2345 4253 habeo
2380 4204 2530 4253 ‘diei’
2567 4202 2708 4267 quod

427 4293 553 4355 post
585 4289 840 4340 ‘occasus'
877 4286 1052 4337 altero
1077 4285 1341 4336 Varronis
1376 4285 1500 4336 loco
1536 4288 1642 4338 VII
1677 4288 1741 4337 51
1779 4284 1897 4336 cod.
1936 4284 2134 4335 inserit
2168 4312 2237 4322 —
2270 4300 2399 4337 nam
2434 4287 2580 4352 apud
2602 4288 2707 4337 Fe·
2747 4346 2755 4351 ,

429 4377 574 4426 stum
609 4371 814 4424 iniuria
847 4371 1134 4439 suppletur
1167 4393 1237 4409 -—···
1269 4386 1378 4426 non
1417 4386 1537 4423 esse
1575 4386 1610 4421 a
1645 4370 1892 4422 Varrone
1927 4369 2249 4436 profectum.
