3016 4888
809 365 904 412 DE
947 364 1318 431 nvonEcm
1363 365 1789 414 TABVLARVM
1833 367 2178 416 MEMomA.
2560 355 2641 419 19

349 543 594 586 annum
620 511 1038 583 millesimum
1067 521 1136 583 in
1165 519 1332 585 libro
1366 520 1448 584 de
1477 521 1844 587 Gothorum
1888 521 2145 606 legibus
2179 521 2419 588 dicitur
2450 546 2638 588 orsus

350 610 494 688 esse
547 621 632 688 ab
685 621 899 706 elogio
953 621 1097 687 XII
1138 621 1513 687 tabularum
1574 630 1759 710 equas
1816 647 2037 690 omnes
2071 625 2380 708 ¹carmine
2434 625 2638 692 latino

353 723 968 811 comprehenderit',
1021 731 1195 788 teste⁴
1221 722 1492 789 Nicolao
1545 727 1831 792 Antonio
1871 728 1940 790 in
1980 727 2295 793 Biblioth.
2338 727 2643 813 Hispana

348 838 482 895 vet.
513 826 613 891 VI
647 825 746 906 14,
779 825 906 890 350
935 826 999 910 (Ι
1027 848 1092 910 p.
1123 825 1250 890 518
1281 826 1384 890 ed.
1418 849 1476 891 a.
1516 827 1791 916 1788).1)
1849 829 2112 896 Pariter
2150 829 2403 894 incerta
2444 839 2641 916 atque

348 927 762 994 incredibilia
803 927 884 992 de
927 929 1149 994 nescio
1191 949 1318 1013 quo
1361 930 1583 996 octavi
1626 930 1869 995 saeculi
1908 931 2306 996 Massiliensi
2336 933 2641 1018 episcopo

347 1032 739 1118 Franciscus
779 1028 1147 1095 Balduinus
1189 1020 1442 1116 profert
1483 1033 1553 1098 in
1596 1033 1802 1099 ‘Libn
1846 1033 1918 1098 II
1956 1034 2024 1096 in
2064 1033 2240 1118 leges
2282 1033 2548 1100 Romuli
2576 1044 2643 1099 et

348 1135 526 1219 leges
559 1133 700 1198 XII
723 1131 1120 1198 tabularum'
1155 1132 1257 1196 ed.
1284 1133 1486 1198 Basil.
1516 1133 1677 1199 1557
1702 1135 2111 1220 praefatione
2125 1136 2209 1222 ²):
2248 1135 2469 1200 ‘audio
2492 1143 2643 1199 ante

352 1259 558 1301 annos
605 1236 1012 1318 octingentos
1058 1237 1374 1320 scriptum
1415 1236 1535 1302 abs
1579 1236 1863 1322 quodam
1895 1238 2199 1324 episcopo
2242 1236 2643 1314 Massiliensi

354 1337 599 1403 librum
629 1337 862 1418 fuisse,
907 1337 976 1401 in
1017 1359 1145 1424 quo
1177 1360 1322 1401 cum
1355 1338 1637 1423 probare
1666 1339 1811 1404 vult
1837 1339 2165 1404 Romanos
2200 1363 2240 1404 a
2271 1340 2545 1405 Graecis
2578 1350 2645 1405 et

267 1511 276 1518 ,
351 1441 642 1506 Graecos
675 1462 714 1502 a
743 1437 1009 1504 Iudaeis
1040 1463 1192 1504 suas
1234 1439 1412 1523 leges
1455 1441 1833 1526 repetiisse,
1876 1463 2185 1525 magnam
2215 1442 2358 1508 XII
2388 1441 2641 1507 tabula-

349 1565 495 1606 rum
527 1551 784 1627 partem
815 1540 1134 1607 describit
1164 1564 1242 1606 ac
1269 1541 1524 1607 recitat.
1586 1542 1716 1608 Sed
1762 1565 1910 1606 eum
1950 1565 2207 1629 quoque
2246 1543 2491 1609 librum
2530 1543 2645 1629 qui

357 1643 560 1709 habet
601 1643 997 1727 supprimit'.
1084 1643 1272 1724 Quae
1313 1642 1493 1715 haud
1528 1645 1749 1730 inepte
1794 1645 2168 1710 Dirksenus
2212 1667 2278 1730 p.
2310 1645 2351 1709 3
2384 1667 2479 1730 sq.
2513 1665 2643 1708 non

331 1735 622 1809 ‘aliunde
663 1743 938 1808 fluxisse
981 1744 1341 1810 arbitratur
1380 1745 1507 1810 nisi
1550 1769 1633 1810 ex
1674 1747 1953 1812 obscura
1993 1748 2173 1812 fama
2222 1746 2303 1810 de
2347 1745 2644 1811 Salviani

351 1844 789 1911 Massiliensis
833 1844 977 1910 XII
1020 1845 1187 1931 legis
1241 1847 1853 1913 commemoratione
1898 1871 1937 1912 a
1977 1848 2305 1914 Balduino
2350 1847 2459 1913 vel
2502 1847 2640 1911 eius

351 1957 618 2013 auctore
658 1948 930 2037 mirifice
973 1947 1391 2034 amplificata.
1448 1949 1755 2035 ‚Denique
1794 1948 2166 2016 Odofredus
2208 1949 2407 2014 ICtus
2442 1949 2641 2032 (mor-

349 2058 500 2113 tuus
533 2073 593 2114 a.
630 2051 826 2132 1265)
859 2071 1008 2113 cum
1048 2049 1272 2116 tradat
1312 2051 1637 2134 quaedam
1680 2075 1765 2117 ex
1814 2051 2060 2116 ultimis
2106 2050 2365 2116 duobus
2398 2049 2643 2115 tabulis

353 2161 622 2217 servata
659 2151 729 2213 in
758 2151 1086 2214 Laterano
1117 2171 1294 2230 esse,
1337 2149 1513 2214 lectu
1546 2141 1845 2218 difficilia
1874 2153 1973 2236 (in
2002 2151 2159 2235 Dig.
2194 2158 2327 2215 vet.
2365 2152 2421 2234 1,
2458 2153 2517 2233 1,
2549 2151 2641 2234 6),

351 2262 578 2338 aperto
625 2273 844 2316 errore
875 2251 1140 2316 ducitur
1171 2253 1657 2337 deceptussine
1688 2254 1887 2318 dubio
1919 2251 2065 2316 aliis
2097 2250 2313 2338 legum
2343 2251 2643 2317 frustulis

351 2353 449 2418 ibi
476 2353 720 2438 visis.3)

527 2456 732 2521 Vides
777 2458 984 2542 igitur
1023 2456 1220 2521 etiam
1263 2456 1405 2521 XII
1447 2456 1824 2522 tabularum
1864 2456 2162 2522 libellum
2204 2479 2325 2521 sua
2364 2456 2503 2521 fata
2531 2456 2641 2520 ha-

351 2556 602 2621 buisse:
659 2580 827 2645 quae
870 2557 1081 2643 prima
1122 2566 1188 2622 et
1229 2556 1372 2620 sola
1410 2555 1522 2621 lex
1562 2558 1851 2624 civitatis
1884 2580 2135 2622 summo
2166 2558 2393 2645 populi
2426 2557 2643 2623 studio

353 2656 686 2724 celebrata
725 2681 844 2746 per
886 2658 1157 2745 longum
1199 2670 1454 2745 tempus
1497 2683 1607 2726 ore
1649 2660 2105 2727 tantummodo
2147 2671 2513 2748 propagata
2544 2669 2646 2724 est

354 2782 430 2823 ac
463 2782 606 2825 sero
649 2760 910 2826 demum
939 2762 1176 2827 litteris
1207 2762 1547 2826 mandata:
1604 2772 1743 2825 tum
1787 2783 1943 2827 vero
1982 2763 2053 2824 in
2092 2784 2217 2825 usu
2260 2785 2402 2827 esse
2446 2762 2644 2826 desiit

353 2869 418 2925 et
449 2860 590 2926 sola
619 2864 1200 2945 grammaticorum
1229 2872 1296 2927 et
1325 2863 1789 2928 historicorum
1830 2862 2053 2927 studia
2093 2864 2419 2945 exercuit3
2464 2864 2641 2927 deni-

352 2984 477 3048 que
506 2962 613 3026 vel
642 2962 743 3027 his
777 2964 1232 3048 deficientibus
1265 2962 1599 3030 oblivione
1630 2986 1900 3050 prorsus
1927 2964 2307 3030 oblitterata
2336 2974 2459 3029 est.
2505 2964 2643 3031 Nec

351 3062 651 3148 profecto
683 3066 838 3131 hinc
866 3066 1253 3131 mirabimur
1283 3089 1360 3131 ea
1390 3077 1602 3132 aetate
1634 3088 1764 3154 qua
1788 3066 2121 3131 hominum
2137 3066 2403 3152 ingenia
2418 3088 2643 3131 rursus

353 3165 444 3229 ad
488 3166 914 3233 monumenta
955 3170 1367 3254 antiquitatis
1416 3192 1515 3233 ex·
1539 3168 1826 3233 tenebris
1870 3156 2159 3233 er‘uenda
2188 3188 2267 3234 ac
2296 3167 2428 3233 luci
2455 3171 2643 3233 resti-

353 3267 600 3333 tuenda
630 3268 1190 3351 accendebantur,
1233 3269 1314 3335 de
1354 3269 1500 3354 lege
1531 3270 1833 3355 quamvis
1864 3270 2156 3334 studiose
2186 3270 2643 3353 investiganti-

492 3558 534 3627 ¹)
573 3558 823 3611 Adiciam
859 3562 1041 3611 locum
1079 3576 1146 3612 ex
1182 3559 1448 3627 Savignyi
1482 3562 1630 3613 Hist.
1667 3562 1769 3612 iur.
1808 3560 2115 3625 romrmed.
2154 3562 2283 3613 aevi
2316 3560 2372 3610 H
2405 3576 2459 3625 p.
2488 3561 2552 3611 77
2588 3578 2639 3611 n.
2660 3562 2671 3573 “

359 3644 444 3696 ed.
482 3646 510 3694 I
547 3645 883 3711 descriptum
920 3650 1072 3697 ‘ante
1111 3660 1313 3696 annum
1347 3646 1701 3696 millesimum
1746 3650 1843 3696 aut
1890 3646 2111 3696 circiter
2154 3645 2405 3695 dominus
2440 3645 2642 3696 Petrus

355 3729 420 3781 de
465 3728 690 3783 Grafion
737 3731 1032 3782 coenobita
1079 3734 1201 3779 erat
1241 3734 1301 3781 in
1347 3730 1402 3785 S.
1440 3731 1743 3798 Aemiliani
1791 3734 1855 3781 ut
1895 3734 2103 3782 vocant
2142 3732 2481 3781 monasterio
2520 3768 2533 3781 .
2576 3774 2587 3785 .
2628 3766 2641 3780 .

353 3815 672 3880 Reliquisse
705 3816 853 3865 hunc
874 3817 1100 3866 Petrum
1135 3815 1193 3864 in
1231 3830 1296 3866 eo
1319 3817 1655 3867 monasterio
1690 3817 2007 3865 nuntiatum
2043 3815 2201 3865 nobis
2226 3815 2337 3865 fuit
2359 3815 2641 3865 volumina

355 3898 461 3950 duo
487 3902 728 3967 “Leges
753 3899 1058 3952 Gothorum
1085 3903 1140 3951 et
1161 3901 1425 3965 Regum'’
1462 3889 1749 3966 inscripta,
1778 3915 2005 3964 quorum
2030 3900 2183 3965 prius
2207 3898 2418 3959 LXIII,
2455 3902 2644 3965 poste·

355 3987 468 4035 rius
505 4001 636 4037 vero
673 3986 884 4036 LXVII
923 3986 1200 4051 capitibus
1239 3984 1563 4036 absolvitur.
1636 3986 1703 4035 In
1736 3985 2009 4051 principio
2046 3984 2288 4049 elogium
2323 3984 2509 4049 posuit
2544 3999 2641 4033 au-

357 4073 478 4119 ctor
511 4070 694 4134 legum
729 4071 836 4121 XII
873 4070 1189 4121 tabularum
1225 4084 1364 4134 quas
1397 4084 1585 4119 omnes
1623 4070 1867 4121 carmine
1899 4069 2075 4120 latino
2112 4067 2526 4133 comprehendit
2550 4104 2561 4115 .
2590 4108 2604 4121 .
2632 4108 2643 4119 .

357 4155 544 4205 Codex
577 4169 712 4219 prae
746 4156 918 4206 nimia
952 4158 1234 4207 vetustate
1271 4155 1486 4219 aliquot
1521 4155 1633 4205 iam
1670 4154 1823 4205 foliis
1859 4170 1969 4206 non
1993 4154 2198 4220 legitur
2223 4194 2236 4208 .
2265 4192 2275 4203 .
2304 4189 2319 4204 .
2357 4154 2641 4215 Habemus

354 4240 411 4289 id
445 4242 622 4289 totum
659 4254 727 4289 ex
760 4240 1126 4292 relationibus
1161 4239 1229 4291 ad
1265 4254 1364 4290 nos
1399 4240 1581 4289 missis
1618 4241 1688 4290 ab
1728 4239 1917 4291 eodem
1951 4240 2328 4291 monasterio)

492 4322 533 4386 ²)
572 4340 659 4389 ap.
697 4322 1062 4376 Heineccium
1097 4326 1322 4391 Iurispr.
1358 4324 1515 4375 Rom.
1556 4328 1614 4374 et
1647 4326 1760 4375 Att.
1800 4326 1828 4376 I
1861 4342 1913 4390 p.
1953 4326 2033 4376 67.

493 4407 533 4471 ³)
575 4408 648 4468 cf,
684 4409 902 4460 Puchta
937 4410 1074 4461 Inst.
1109 4411 1138 4460 I
1172 4426 1224 4475 p.
1265 4412 1362 4461 192
1397 4424 1452 4459 n.
1491 4406 1544 4473 (ἓ
1580 4408 1685 4474 55).

2136 4488 2239 4555 2*
