3016 4888
571 1729 1334 1818 sENTENTIAE
1389 1671 2353 1816 CONTROVERSAE.
2428 1826 2434 1832 ,

1321 1955 1622 1964 ——-

468 2139 523 2200 1.
573 2135 925 2224 Sophocles
969 2158 1102 2202 non
1145 2137 1369 2202 docuit
1409 2138 1541 2200 nisi
1585 2137 1981 2221 teti-alogias,

432 2255 525 2320 II.
571 2255 654 2320 In
696 2255 1075 2321 Aristotelis
1135 2253 1318 2341 polit.
1364 2255 1398 2320 I
1445 2277 1498 2317 e.
1546 2255 1587 2317 2
1632 2278 1695 2341 p.
1747 2253 1909 2319 1253
1964 2277 2029 2317 v.
2074 2255 2161 2318 20
2203 2276 2345 2341 sqq.
2391 2252 2613 2317 Bekk.

563 2372 1016 2438 scribendum.
1065 2370 1520 2457 αναιρομένου
1560 2370 1690 2455 γὰρ
1722 2376 1845 2437 τοῦ
1876 2370 2042 2437 ὅλου
2072 2367 2199 2436 οὐκ
2231 2373 2415 2438 ἔσται
2444 2367 2614 2448 πούς
2742 2419 2747 2424 -

559 2488 722 2557 ου’δέ
777 2494 958 2575 χείρ,
1018 2492 1079 2555 εἰ
1131 2488 1220 2575 μὴ
1279 2487 1686 2575 ὁμωνύμως,
1746 2489 1975 2575 ὥσπερ
2023 2496 2089 2556 εἴ
2124 2515 2222 2567 τις
2266 2491 2447 2574 λέγει
2491 2486 2615 2575 τὴν

562 2614 856 2694 λιθίνην·
935 2611 1393 2693 διαφθαρεῖσα
1436 2606 1569 2692 γὰρ
1614 2604 1764 2675 οὐκ
1810 2612 1995 2675 ἔσται
2038 2610 2336 2694 τοιαύτη.

390 2728 516 2792 ΙΙΙ.
565 2729 1038 2795 Demosthenes
1095 2750 1186 2794 or.
1247 2728 1330 2792 de
1382 2728 1580 2793 rebus
1627 2728 2019 2793 Chersonesi
2078 2730 2263 2814 (8)·§
2304 2728 2388 2791 42
2446 2727 2617 2791 dixit

565 2844 649 2912 οὐ
694 2850 916 2939 κακῶς
959 2842 1114 2911 οὐδ’
1161 2843 1478 2928 ἀλόγως
1521 2850 1733 2910 ταῦτα
1779 2845 2224 2930 λογιζόμενος.

402 2965 520 3029 IV.
567 2964 1028 3029 Demosthenis
1087 2986 1252 3053 quae
1307 2965 1516 3029 fertur
1570 2966 1775 3030 oratio
1832 2966 1901 3030 in
1957 2964 2415 3031 Phormionem
2474 2966 2616 3051 (34)

565 3105 649 3147 ex
694 3083 948 3149 duabus
990 3083 1392 3149 orationibus
1439 3085 1523 3147 de
1566 3083 1793 3148 eadem
1837 3104 2067 3149 caussa
2108 3082 2353 3149 habitis
2396 3106 2435 3147 a
2480 3084 2615 3147 dia-

565 3209 862 3265 sceuaste
891 3202 1109 3288 aliquo
1139 3212 1384 3267 temere
1415 3204 1865 3267 consarcinata
1899 3212 2000 3269 est
2030 3204 2145 3286 ita,
2178 3212 2252 3267 ut
2284 3224 2415 3268 non
2458 3204 2616 3269 satis

564 3319 834 3386 haberet
875 3318 1148 3384 alteram
1189 3319 1382 3386 alteri
1426 3321 1536 3385 vel
1578 3322 1939 3408 adiungere
1984 3320 2092 3386 vel
2134 3322 2420 3387 inserere
2436 3371 2454 3405 ,
2502 3320 2619 3386 sed

564 3447 635 3503 ut
680 3447 896 3526 partes
941 3438 1371 3504 distrahendo
1417 3449 1482 3505 et
1527 3440 1792 3506 diversa
1837 3439 2349 3527 conglutinando
2379 3440 2615 3506 utrius-

568 3577 693 3642 que
736 3558 1110 3623 eontinuum
1159 3557 1454 3623 ordinem
1497 3558 1811 3632 turbaret.

436 3674 520 3737 V.
565 3674 648 3739 In
677 3676 850 3741 Isaei
891 3699 983 3742 or.
1027 3676 1109 3739 de
1155 3679 1408 3743 Oironis
1455 3677 1819 3743 hereditate
1850 3678 1951 3765 (8)
1984 3683 2023 3760 ξ
2051 3680 2093 3743 5
2138 3675 2222 3743 οὐ
2266 3674 2403 3761 μὴν
2447 3674 2620 3741 ἀλλὰ

566 3770 821 3869 πολλοὶξ
876 3794 1153 3871 ἐλπίδας
1219 3797 1346 3881 ἔχω
1403 3798 1516 3860 καὶ
1572 3796 1725 3879 παρ’
1784 3794 2017 3881 ὑμῶν
2070 3796 2427 3873 τεύξεσθαι
2483 3799 2622 3860 τῶν

565 3913 848 3976 δικαίων
891 3912 1334 3999 reponendum
1378 3923 1476 3979 est
1521 3912 1672 3999 παρ’
1722 3912 1936 3998 ὑμῖν.

408 4030 527 4094 VI.
576 4032 655 4094 In
698 4030 1056 4118 Epitaphio
1103 4034 1216 4119 qui
1259 4032 1502 4121 Lysiae
1555 4031 1720 4097 falso
1764 4032 2164 4099 adscribitur
2206 4038 2247 4117 ἓ
2291 4033 2374 4098 32
2420 4031 2621 4097 verba

569 4150 680 4213 καὶ
723 4155 946 4235 φυγῆς
988 4152 1274 4217 insiticia
1317 4162 1490 4217 sunt.

375 4267 528 4333 VII.
579 4267 716 4332 Cio.
762 4270 839 4332 in.
865 4271 1052 4336 Verr.
1099 4292 1311 4336 accus.
1343 4268 1670 4354 V'51‚135
1714 4270 2123 4357 palimpsesti
2152 4270 2457 4335 Vaticani
2502 4292 2623 4355 ope

554 4386 876 4452 emendo:
936 4396 1136 4476 ‘quae
1191 4392 1247 4454 si
1305 4389 1515 4473 dices„
1575 4411 1683 4473 ea,
1743 4411 1908 4476 quae
1962 4412 2002 4453 a
2056 4411 2160 4456 me
2215 4388 2393 4458 diota
2448 4396 2620 4472 sunt,

573 4505 926 4573 refutabis:
973 4507 1076 4571 sin
1119 4507 1248 4573 alia
1292 4509 1505 4593 dices,
1553 4508 1907 4575 tenebere.’
