3016 4888
508 317 584 380 18
1362 339 1588 388 CAPv'r
1632 342 1925 392 Pniva.
1977 307 1984 311 ¹

669 486 972 554 Ceterum
1000 499 1074 555 ut
1101 489 1268 575 legis
1298 495 1648 578 memoria,
1689 496 1785 561 ita
1827 496 2113 562 studium
2156 521 2411 588 quoque
2453 505 2717 590 proprie
2749 529 2791 570 a

497 589 960 656 iureconsultis
1003 592 1073 658 in
1117 615 1262 658 eam
1292 592 1604 661 collatum
1634 596 1789 661 dum
1817 599 2026 683 magis
2057 601 2398 688 magisque
2428 608 2786 689 evanescit,

495 689 564 754 in
601 691 958 778 provinciis
998 694 1472 783 aliquantisper
1512 707 1905 764 remoratum
1936 722 2083 780 esse
2108 702 2392 768 videtur.
2453 704 2627 770 Nam
2658 728 2786 793 quo

494 799 788 879 tempore
817 792 1167 862 Salvianus
1197 797 1631 863 Massiliensis
1676 798 1756 864 de
1787 791 2312 886 Carthaginiensi
2356 803 2522 889 legis
2546 828 2784 871 -exem-

437 894 444 900 ’
490 892 660 979 plari
713 903 1020 978 testatur,
1074 897 1303 964 eodem
1341 899 1629 966 Leonem
1681 901 2007 987 quendam
2055 912 2122 968 et
2158 905 2674 973 iureconsultum
2715 919 2784 974 et

490 1005 755 1080 poetam
784 997 1096 1065 Narbone
1119 1000 1262 1065 XII
1290 1001 1549 1066 tabulas
1583 1001 1882 1068 docuisse
1899 1003 1952 1091 ¹)
1984 1026 2070 1068 ex
2087 1004 2340 1069 Sidonii
2364 1006 2775 1094 Apollinaris

489 1095 702 1182 elogio
733 1097 1064 1164 Narbonis
1097 1101 1325 1188 (carm.
1360 1102 1638 1188 XXIII)
1673 1106 2107 1191 comperimus
2138 1131 2204 1174 v.
2234 1107 2361 1172 446
2392 1131 2533 1196 sqq.

1057 1260 1178 1318 sive
1209 1260 1296 1319 ad
1321 1261 1639 1336 doctiloqui
1662 1261 1875 1322 Leonis
1904 1264 2111 1337 aedes,

1060 1377 1174 1434 quo
1203 1362 1290 1420 bis
1318 1378 1427 1421 sex
1456 1363 1693 1423 tabulas
1724 1365 1966 1424 docente
1996 1367 2146 1425 iuris

1057 1463 1214 1523 ultro
1247 1462 1533 1524 Claudius
1562 1465 1795 1541 Appius
1824 1472 2045 1526 taceret

567 1593 582 1619 x
1054 1566 1224 1624 claro
1254 1565 1560 1626 obscurior
1587 1569 1649 1626 in
1681 1568 2098 1629 decemviratu.

650 1711 1062 1799 Quamquam
1095 1715 1286 1800 quale
1316 1714 1736 1800 potissimum
1765 1715 1967 1781 fuerit
1995 1715 2119 1780 hoc
2148 1714 2440 1780 studium
2452 1764 2473 1800 ,
2507 1740 2591 1782 ex
2621 1719 2766 1786 istis

475 1813 829 1879 verborum
857 1815 1223 1882 tumoribus
1254 1838 1488 1902 parum
1519 1839 1935 1902 auguramur.
1994 1817 2239 1881 Verum
2264 1814 2391 1880 hoc
2418 1819 2489 1881 in
2517 1823 2764 1886 veteris

477 1917 626 1981 aevi
667 1916 850 1982 exitu
890 1916 1024 1981 iam
1067 1925 1430 1983 extremum
1470 1919 1823 2004 vestigium
1864 1926 2138 2004 apparet
2178 1917 2344 2000 legis
2398 1919 2759 1988 adhibitae.

474 2016 582 2082 Ex
621 2016 744 2083 hoc
787 2019 960 2083 enim
998 2028 1288 2107 tempore
1329 2005 1461 2085 alto
1503 2021 1761 2085 silentio
1804 2020 2079 2105 tegitur,
2132 2027 2200 2083 et
2248 2018 2333 2083 ab
2385 2020 2761 2089 rhetoribus

473 2122 1052 2208 grammaticisque
1082 2132 1148 2187 et
1177 2144 1219 2185 a
1245 2123 1607 2208 patristicis
1642 2122 2104 2208 scriptoribus,
2148 2121 2327 2208 apud
2358 2145 2522 2208 quos
2556 2148 2760 2211 usque

473 2220 638 2286 adeo
671 2224 1092 2308 quantumvis
1135 2246 1286 2288 rara
1330 2224 1640 2289 exstabat
1680 2224 1820 2287 XII
1860 2223 2238 2292 tabularum
2278 2227 2553 2308 mentio,
2607 2237 2759 2313 post

470 2325 918 2408 Augustinum
943 2334 1010 2389 et
1035 2325 1415 2391 Salvianum
1435 2346 1707 2410 prorsus
1740 2323 2083 2390 derelicta:
2117 2348 2263 2390 eum
2292 2347 2458 2412 quae
2478 2328 2548 2390 in
2571 2327 2758 2393 ICto-

467 2449 613 2491 rum
641 2436 943 2494 veterum
973 2425 1236 2515 seriptis
1283 2449 1517 2513 sparsa
1556 2426 1939 2493 ferebantur
1976 2427 2387 2510 testimonia,
2440 2428 2630 2515 quasi
2672 2452 2757 2494 ex

465 2530 632 2613 legis
665 2530 1012 2615 naufragio
1043 2530 1114 2594 in
1143 2528 1288 2607 alto,
1311 2529 1606 2594 errantia
1634 2530 2078 2596 Iustinianeae
2101 2528 2581 2617 compilationis
2605 2553 2753 2616 por-

465 2639 538 2694 tu
579 2640 860 2716 excepta
893 2641 1074 2712 sunt,
1125 2631 1243 2696 ubi
1283 2632 1845 2719 conquiescerent.
1916 2632 2177 2718 Scripta
2204 2641 2420 2696 autem
2450 2633 2755 2720 exempla

469 2732 718 2797 dudum
747 2722 1216 2799 interciderant
1245 2734 1496 2818 omnia,
1551 2757 1670 2799 nec
1709 2735 1919 2819 magis
1962 2756 2048 2797 ex
2088 2734 2569 2798 commentariis
2612 2744 2752 2799 tum
2822 2806 2826 2809 ,

461 2845 723 2920 praeter
753 2835 1082 2900 Gaianum
1119 2834 1293 2900 ullus
1324 2836 1594 2902 videtur
1632 2838 1887 2923 integer
1926 2844 2255 2920 superstes
2286 2834 2515 2899 fuisse.
2574 2837 2752 2901 Hinc

461 2934 546 2999 de
585 2959 810 3001 eorum
837 2936 968 3001 fide
996 2936 1422 3025 iudicandum
1454 2948 1585 3021 est,
1638 2961 1806 3025 quae
1836 2960 1876 3001 a
1913 2933 2306 3023 quibusdam
2338 2934 2419 3000 de
2450 2939 2749 3003 tractatis

460 3038 660 3101 etiam
689 3039 905 3103 medio
937 3060 1101 3105 aevo
1133 3038 1277 3105 XII
1306 3040 1550 3107 tabulis
1595 3062 1679 3105 ex
1719 3061 1893 3105 vana
1934 3037 2264 3102 auditione
2305 3038 2516 3121 magis
2551 3060 2748 3127 quam

459 3160 544 3202 ex
584 3137 870 3226 limpidis
897 3139 1208 3208 ¹fontibus
1252 3142 1492 3207 hausta
1530 3139 1898 3207 traduntur.
1960 3136 2218 3201 Nullius
2250 3136 2426 3200 enim
2455 3161 2613 3203 usus
2646 3151 2748 3206 est

458 3240 634 3325 quod
682 3241 921 3307 Petrus
975 3243 1056 3309 de
1108 3245 1376 3311 Grafion
1433 3242 1730 3329 quidam,
1789 3241 2145 3307 monachus
2187 3239 2525 3325 Hispanus
2568 3244 2747 3309 cirea

592 3530 632 3596 ¹)
669 3532 844 3596 Quem
880 3534 1024 3599 quod
1058 3534 1223 3599 vulgo
1270 3531 1500 3584 eundem
1546 3534 1748 3597 putant
1793 3546 1915 3582 esse
1962 3534 2128 3594 atque
2169 3531 2412 3582 Leonem
2448 3530 2639 3583 Euriei
2684 3538 2740 3585 et

451 3614 664 3667 Alarici
699 3618 1002 3670 Gothorum
1043 3635 1233 3685 regum
1278 3616 1657 3668 consiliarium
1704 3612 1811 3678 (ef.
1849 3614 2149 3681 Gregorius
2182 3616 2377 3668 Mirac.
2427 3617 2455 3667 I
2499 3615 2627 3682 92),
2667 3617 2738 3668 ad

453 3714 616 3764 quem
653 3702 864 3754 Sidonii
901 3703 1045 3754 duae
1083 3702 1360 3768 epistulae
1397 3704 1526 3750 sunt
1558 3700 1635 3750 IV
1672 3701 1737 3749 22
1776 3704 1831 3749 et
1865 3698 2003 3752 VIII
2037 3703 2098 3751 3:
2143 3701 2201 3752 id
2234 3702 2591 3752 vehementer
2640 3702 2737 3753 ad—

451 3785 658 3837 dubito.
729 3789 869 3840 Nam
916 3789 1027 3838 etsi
1062 3788 1192 3837 huic
1236 3786 1549 3837 sententiae
1596 3783 1739 3834 bene
1788 3786 2082 3836 convenire
2127 3786 2388 3839 videntur
2432 3790 2490 3835 et
2536 3789 2734 3838 carmi-

449 3884 577 3921 num
600 3871 808 3924 Leonis
847 3876 904 3924 et
937 3870 1402 3922 declamationum
1424 3867 1620 3919 laudes
1658 3868 1731 3918 cf.
1756 3868 1891 3920 VIII
1916 3873 1948 3921 3
1984 3874 2258 3935 ‘suspende
2288 3873 2578 3937 perorandi
2608 3872 2739 3923 illud

448 3970 644 4021 quoque
678 3958 1052 4008 celeberrimum
1081 3958 1264 4020 fiumen
1299 3956 1437 4022 quod
1467 3970 1567 4005 non
1602 3958 1757 4005 solum
1797 3956 2101 4019 yentilieium
2142 3958 2239 4006 sed
2279 3959 2596 4007 domesticum
2643 3959 2737 4008 tibi

448 4042 680 4106 quodque
714 4046 768 4092 in
805 4052 935 4093 tuum
964 4049 1144 4106 peetus
1173 4056 1276 4104 per
1307 4042 1576 4091 succiduas
1621 4047 1817 4091 aetates
1864 4040 1927 4089 ab
1974 4047 2121 4090 atavo
2158 4041 2419 4092 Frontone
2466 4044 2728 4106 transfun-

406 4136 422 4153 ·
446 4125 603 4173 ditur’
640 4127 879 4193 itemque
917 4126 1136 4190 antiqui
1171 4127 1439 4177 sermonis
1475 4126 1716 4176 studium
1752 4125 2035 4177 laudatum
2060 4126 2139 4176 IV
2162 4128 2228 4176 22
2265 4130 2426 4178 ‘nemo
2462 4136 2512 4178 te
2548 4132 2731 4179 celsius

443 4210 734 4275 scripserit,
771 4228 912 4263 nemo
947 4213 1228 4276 antiquius,
1267 4214 1463 4283 etiamsi
1502 4214 1707 4276 placeat
1740 4214 1969 4262 recentia
2002 4214 2191 4277 loqui':
2227 4216 2414 4262 tamen
2438 4212 2595 4261 illum
2620 4214 2727 4262 To-

379 4350 394 4368 ·
443 4290 599 4343 losae
635 4295 692 4344 in
726 4297 884 4359 regia
920 4297 1074 4362 ipsa,
1111 4310 1220 4345 non
1255 4296 1789 4363 Narbone'versari,
1825 4300 1887 4347 ut
1921 4295 2185 4359 decebat,
2222 4298 2305 4352 ita
2343 4296 2574 4348 alterius
2611 4300 2728 4363 epi-

443 4377 625 4429 stulae
659 4380 822 4429 Initio
857 4380 1060 4433 diserte
1094 4379 1392 4437 indicatur.
