3016 4888
415 302 490 364 16
1275 317 1501 366 cAPv'r
1546 319 1841 368 PmMVM.

405 477 560 533 tasse
605 473 884 547 videatur
912 476 1168 534 immune
1181 515 1200 550 ‚
1249 476 1412 549 quod
1436 477 1515 535 ab
1543 479 1779 537 iniuriis
1806 479 2227 540 lacessentibus
2249 481 2499 542 liberum
2529 483 2709 543 nullis

335 639 340 643 ,
407 578 699 636 malorum
741 576 1107 636 contactibus
1145 579 1476 651 polluatur.
1565 579 1608 639 Ι
1614 583 1670 640 ll
1680 599 1721 641 u
1734 597 1769 640 c
1822 583 2008 642 aciem
2052 589 2217 642 tuam
2246 586 2443 658 flecte.
2516 585 2706 644 Plura

407 679 532 738 illic
562 695 717 752 quae
747 679 1050 738 detesteris
1079 680 1352 753 invenies
1385 683 1578 754 mauis
1606 685 1804 742 oculos
1833 689 1960 742 tuos
1982 686 2123 744 inde
2148 685 2437 756 deuertas.
2485 687 2525 745 I
2535 702 2619 745 nc
2632 689 2700 745 i-

403 797 534 840 sae
573 782 728 840 sint
769 783 956 840 licet
995 797 1198 854 teyes
1240 781 1635 843 duodecim
1680 765 2305 862 tabulisetpubli'ce
2334 806 2478 850 aere
2502 805 2699 864 prae—

402 885 531 954 fixo
559 885 701 954 iura
724 885 1109 959 praescripta
1139 887 1290 943 sint.-
1333 887 1490 946 inter
1534 888 1692 959 leyes
1730 889 1895 962 ipsas
1942 889 2335 970 delinquitur,
2383 893 2540 952 inter
2562 894 2701 952 iura

402 989 735 1058 peccatur?
820 981 945 1046 His
1004 983 1225 1047 verbis
1278 1005 1406 1047 non
1453 983 1759 1078 equidem
1800 1008 1944 1050 sum
1988 990 2246 1054 nescius
2290 989 2487 1053 fidem
2529 1011 2701 1052 nunc

409 1083 613 1148 ferme
645 1082 1016 1167 derogari‚.
1041 1107 1190 1148 eum
1231 1083 1480 1170 priores
1524 1084 1676 1149 hinc
1705 1088 1993 1152 maxime
2048 1087 2175 1155 sibi
2210 1091 2699 1176 persuasissent

401 1186 602 1251 etiam
631 1186 824 1250 tertio
855 1206 920 1271 p.
956 1169 1107 1251 Chr.
1139 1184 1399 1250 saeculo
1431 1186 1574 1250 XII
1603 1187 1863 1253 tabulas
1894 1189 2198 1258 Romae
2181 1216 2250 1256 111
2285 1194 2432 1259 foro
2479 1192 2691 1257 fuisse

403 1287 665 1354 affixas.
675 1289 726 1373 ¹)
810 1286 1106 1368 Quorum
1155 1297 1502 1374 utrumque
1563 1299 1741 1366 caret
1799 1291 2039 1358 idonea
2096 1295 2690 1396 argumentatione.

403 1388 571 1454 Nam
615 1390 728 1476 qui
757 1390 888 1455 ista
918 1389 1363 1455 tantummodo
1396 1391 1720 1456 rhetorice
1752 1401 1816 1456 et
1845 1392 2126 1479 figurate
2158 1397 2289 1460 dici
2322 1391 2687 1476 autumant,

399 1499 475 1557 ut
517 1490 968 1576 Schweglerus
1001 1491 1089 1555 H.
1119 1491 1200 1555 R.
1230 1491 1339 1556 III
1367 1515 1432 1578 p.
1463 1493 1545 1557 27
1578 1517 1641 1558 n.
1676 1494 1721 1557 4
1748 1492 1899 1577 alii,
1946 1505 2011 1561 et
2041 1497 2245 1562 totius
2278 1499 2404 1562 loci
2434 1498 2691 1592 ratione

399 1591 790 1658 refelluntur
831 1604 897 1658 et
937 1594 1004 1658 in
1035 1592 1262 1678 primis
1293 1595 1515 1659 verbis
1548 1600 1719 1660 ‘illuc
1746 1602 1936 1660 aciem
1967 1611 2129 1663 tuam
2150 1606 2347 1678 flecte'
2381 1621 2549 1686 quae
2580 1620 2688 1662 ne-

399 1704 646 1782 queunt
683 1695 814 1759 nisi
857 1696 941 1761 ad
983 1705 1234 1760 certum
1263 1686 1480 1760 forum
1508 1699 1761 1764 referri.
1827 1701 1919 1766 At
1946 1699 2237 1765 indidem
2266 1709 2541 1788 apparet
2568 1700 2690 1763 hoc

399 1796 580 1863 nullo
623 1796 820 1864 modo
863 1796 1157 1881 intellegi
1193 1818 1388 1884 posse
1427 1798 1796 1864 Romanum
1835 1801 2087 1867 forum:
2148 1825 2357 1890 neque
2400 1803 2573 1867 enim
2603 1802 2687 1866 ad

398 1898 760 1966 Romanum
789 1899 1118 1964 hominem
1149 1901 1308 1964 haec
1339 1900 1603 1982 scribit,
1646 1924 1795 1966 cum
1824 1902 2001 1989 apud
2028 1903 2246 1990 ipsum
2276 1904 2521 1968 morari
2553 1904 2686 1968 Do-

395 2011 624 2066 natum
654 2002 916 2068 evincat
947 2002 1266 2088 epistulae
1295 2000 1593 2067 clausula
1623 2026 1678 2069 c.
1718 2005 1797 2068 14
1838 2007 2168 2070 ‘moderari
2202 2017 2399 2070 tamen
2430 2009 2688 2069 dicenda

303 2105 310 2110 “
403 2109 676 2170 debemus
715 2111 892 2192 simul
929 2111 1118 2196 iunci}
1153 2115 1211 2169 et
1236 2111 1477 2184 saepius
1503 2112 1783 2172 locuturi'
1800 2106 1853 2189 2)
1885 2147 1971 2156 -—-
1998 2130 2207 2195 neque
2240 2109 2513 2174 Romam
2546 2129 2685 2193 spe·-

399 2209 565 2272 ctari
608 2205 952 2292 probabile
995 2215 1124 2289 est,
1180 2229 1375 2292 quam
1414 2209 1647 2272 urbem
1688 2231 1769 2272 ne
1810 2209 2055 2273 viderit
2085 2209 2349 2294 quidem
2380 2231 2685 2295 umquam

397 2309 799 2394 Cyprianus:
850 2318 916 2373 et
955 2307 1102 2393 quis
1143 2308 1211 2370 in
1254 2306 1625 2373 hortatione
1667 2330 1750 2371 ex
1780 2309 2229 2394 remotissimis
2260 2332 2338 2374 ac
2365 2309 2559 2395 longe
2588 2331 2685 2373 re-

395 2410 620 2497 petitis
652 2411 861 2497 magis
892 2409 1188 2476 hauserit
1217 2418 1607 2495 argumenta
1636 2431 1831 2497 quam
1862 2432 1945 2476 ex
1976 2411 2067 2475 eis
2092 2433 2259 2497 quae
2282 2423 2431 2478 ante
2452 2411 2685 2499 pedem

394 2514 656 2579 iacent?
717 2512 849 2579 Sed
889 2514 1149 2579 omnino
1192 2513 1599 2599 Cyprianum
1638 2514 1707 2575 in
1746 2513 2040 2579 moribus
2074 2516 2317 2580 saeculi
2346 2515 2684 2601 exagitan-

395 2615 497 2680 dis
540 2614 1182 2699 Carthaginiensium
1220 2615 1636 2700 potissimum
1675 2614 1995 2679 rationem
2037 2614 2278 2681 habere
2323 2627 2387 2693 et
2417 2637 2682 2681 consen-

395 2725 660 2782 taneum
702 2727 804 2783 est
844 2726 909 2783 et
948 2716 1143 2781 simili
1182 2717 1374 2781 huius
1417 2716 1599 2783 urbis
1641 2737 1893 2779 morum
1924 2716 2101 2800 apud
2130 2717 2293 2781 alios
2327 2718 2681 2804 scriptores

397 2817 834 2905 descriptione
865 2819 1241 2903 firmatur.3)
1286 2818 1368 2882 In
1396 2817 2074 2901 Carthaginiensi
2103 2817 2306 2902 igitur
2335 2818 2478 2884 foro
2503 2818 2680 2903 leges

393 2922 764 3008 propositas
808 2922 952 2986 istis
996 2922 1219 2988 verbis
1263 2920 1603 3005 obsignari
1642 2941 1909 2985 necesse
1953 2929 2071 2985 est.
2158 2920 2295 2985 Nec
2336 2930 2554 2986 tamen
2584 2919 2680 2983 id-

393 3024 567 3089 circo
596 3025 729 3089 iam
759 3044 834 3088 eo
874 3047 993 3089 nos
1039 3024 1256 3109 abripi
1296 3022 1618 3108 patimur,
1673 3030 1747 3085 ut
1788 3031 2072 3085 erratum
2115 3044 2259 3086 esse
2301 3023 2371 3085 in
2408 3043 2678 3087 numero

393 3124 766 3192 tabularum
807 3148 956 3191 cum
997 3127 1278 3211 Hugone
1321 3133 1705 3189 statuamus.
1779 3122 2275 3209 Peropportune
2316 3123 2490 3187 enim
2535 3146 2681 3187 ecce

395 3226 695 3293 adfertur
725 3226 1044 3311 Salviani‚
1079 3226 1190 3313 qui
1218 3228 1566 3313 presbyter
1594 3223 2026 3291 Massiliensis
2058 3225 2185 3291 fuit
2214 3224 2473 3290 saeculo
2499 3225 2681 3311 quin-

528 3432 572 3499 ¹)
609 3435 773 3487 Hane
808 3434 1120 3500 opinionem
1155 3434 1357 3485 nostris
1393 3433 1731 3498 temporibus
1770 3432 1839 3483 ab
1864 3432 2116 3497 Hugonis
2154 3430 2321 3495 (Hist.
2360 3432 2462 3485 iur.
2498 3446 2552 3498 p.
2589 3432 2678 3498 92)

395 3516 526 3570 telis
561 3518 860 3569 defendere
897 3518 1109 3569 studuit
1143 3518 1567 3567 Kaemmererus
1603 3517 1764 3569 Obss.
1804 3518 1904 3566 iur.
1944 3516 2049 3568 civ.
2086 3513 2264 3581 (Rost.
2303 3516 2461 3579 1827)
2498 3532 2552 3581 p.
2580 3519 2677 3567 192

393 3607 578 3659 --200.
646 3604 990 3655 Dubitanter
1025 3604 1146 3668 agit
1179 3602 1398 3654 Puchta
1433 3602 1567 3656 Inst.
1600 3603 1627 3652 Ι
1662 3617 1715 3667 p.
1744 3603 1840 3651 192
1876 3602 2077 3650 ‘Wenn
2114 3616 2244 3651 man
2282 3601 2404 3651 eine
2441 3600 2677 3651 Aeusse—

393 3703 532 3754 rung
557 3688 826 3753 Cyprians
852 3686 1103 3739 wortlich
1137 3687 1399 3738 verstehn
1432 3686 1637 3748 diirfte,
1674 3701 1735 3735 so
1758 3687 1947 3735 wilren
1979 3686 2062 3736 sie
2098 3685 2243 3735 noch
2277 3686 2351 3735 im
2387 3689 2457 3736 311
2479 3683 2675 3734 Jahrb.
2748 3736 2757 3743 ,

395 3773 495 3825 auf
526 3773 650 3823 dem
682 3774 880 3823 Forum
919 3770 1251 3837 ausgestellt
1285 3764 1560 3837 gewesen.
1628 3772 1777 3821 Dass
1814 3771 1895 3821 sie
1932 3770 2147 3820 damals
2183 3770 2325 3820 noch
2364 3770 2677 3833 existirten‚

391 3857 466 3909 ist
501 3857 764 3913 ohnedies
799 3856 1304 3909 wahrscheinlieh.'
1377 3856 1450 3905 ef.
1487 3854 1804 3905 Rudorffius
1843 3856 1911 3905 Η.
1952 3856 2053 3904 iur.
2091 3856 2289 3906 rom.-I
2324 3869 2379 3918 p.
2418 3854 2534 3902 261.

525 3941 570 4006 ²)
607 3941 818 3993 Vereor
852 3946 1036 3993 autem
1072 3956 1142 3991 ne
1179 3941 1341 3990 nimis
1377 3955 1554 4005 sagax
1588 3940 1665 3990 sit
1699 3940 2077 3991 Kaemmereri
2113 3939 2297 4003 opinio
2333 3953 2385 4002 p.
2425 3938 2539 4001 198,
2580 3939 2675 4002 qui

395 4025 538 4092 quod
572 4042 697 4079 rure
734 4028 921 4078 datam
957 4026 1252 4091 epistulam
1295 4041 1406 4076 non
1442 4024 1785 4091 Carthagine
1820 4025 1943 4089 ipsa
1979 4028 2198 4073 constat
2244 4036 2313 4072 ex
2347 4022 2533 4087 capite
2582 4038 2675 4072 ex-

391 4117 594 4175 tremo,
641 4113 770 4164 inde
820 4110 1046 4163 facilius
1081 4111 1386 4161 Romanum
1433 4111 1611 4161 forum
1648 4110 1881 4175 agnosci
1923 4108 2059 4170 sibi,
2105 4122 2215 4157 non
2262 4104 2418 4170 aliis,
2464 4107 2674 4171 opinor,
2743 4155 2748 4159 .
2796 4102 2809 4110 ’

432 4198 754 4251 ersuaserit.

390 4209 426 4265 P
525 4282 570 4351 ⁸)
609 4283 681 4338 cf.
715 4283 948 4333 maxime
989 4298 1035 4335 c.
1071 4283 1206 4333 6-8
1242 4297 1366 4333 cum
1399 4280 1718 4331 Herodiano
1752 4280 1860 4332 VII
1895 4281 1926 4329 9
1964 4281 2021 4329 et
2044 4277 2307 4329 Salviano
2344 4291 2671 4343 quamquam

391 4369 716 4443 posterioris
751 4368 955 4423 aetatis
990 4368 1257 4440 scriptore
1293 4368 1361 4419 de
1400 4366 1641 4418 Gubern.
1676 4365 1789 4416 Dei
1822 4362 1860 4418 l.
1897 4362 2022 4424 vn,
