3016 4888
600 326 696 373 DE
739 324 1129 373 VETERIBVS
1173 322 1276 371 XII
1322 323 1750 373 TABVLARVM
1793 323 2366 373 INTEBPRETIBVS.
2415 367 2422 375 .
2539 310 2620 375 31

325 480 523 547 fallor
564 448 1005 565 adscripscrat
1048 476 1502 569 Aeliinomen
1517 525 1536 559 ‚
1591 478 1707 543 sed
1749 477 1937 541 Lucii
1989 477 2100 555 ille
2140 479 2438 565 quidem,
2491 502 2625 547 non

328 583 537 649 Sexti.
602 581 788 646 Illius
831 581 1033 666 igitur
1072 580 1215 645 XII
1254 578 1632 649 tabularum
1673 579 2279 667 interpretationem
2319 580 2428 647 hic
2467 604 2622 669 quo-

327 706 454 772 que
484 704 933 769 agnoscemus.
954 680 1005 765 1)

497 785 650 851 Huc
693 784 929 849 deinde
969 784 1373 850 revocandus
1428 792 1529 847 est
1580 782 1761 849 locus
1805 783 2147 848 Plinianus
2191 784 2275 848 N.
2318 784 2407 849 H.
2455 784 2621 850 XIV

328 888 412 951 92
444 909 539 974 sq.
576 892 959 953 ‘Lami-§sima
1000 890 1172 965 apud
1205 892 1437 965 priseos
1475 891 1618 947 vina
1661 894 1840 949 erant
1877 905 2123 949 murrae
2151 889 2334 949 odore
2361 892 2621 971 condita,

325 1000 393 1053 ut
432 999 691 1069 apparet
724 996 789 1053 in
827 994 1033 1053 Plauti
1069 991 1291 1063 fabula
1332 1007 1487 1067 quae
1515 992 1704 1051 Persa
1745 992 2088 1051 inscribitur
2105 1036 2120 1050 .
2145 1036 2160 1050 .
2188 1037 2203 1050 .
2279 992 2622 1053 Scaevolam
2717 1064 2724 1069 ,

326 1112 557 1171 quoque
594 1103 654 1156 et
689 1095 962 1157 Laelium
1000 1101 1061 1155 et
1086 1096 1315 1155 Ateium
1366 1094 1708 1169 Capitonem
1749 1095 1810 1153 in
1850 1094 2061 1153 eadem
2101 1097 2390 1153 sententia
2425 1094 2623 1168 fuisse

324 1198 526 1274 vide0‚
558 1198 837 1273 quoniam
874 1199 936 1257 in
967 1197 1257 1257 Pseudolo
1296 1198 1373 1257 sit
1401 1196 1665 1272 “quodsi
1700 1212 1850 1271 opus
1890 1198 2026 1272 siet,
2071 1202 2138 1255 ut
2176 1196 2350 1256 dulce
2379 1206 2626 1272 promat

326 1300 625 1378 indidem,
656 1299 875 1374 ecquid
910 1294 1126 1359 habet?
1157 1318 1211 1358 z:
1246 1295 1495 1374 Roqas?
1537 1298 1954 1370 Murrhinam‚
1976 1313 2256 1373 passum,
2289 1298 2616 1379 defrutum,

323 1404 577 1462 mella.’.’
611 1396 759 1479 Quo
784 1395 926 1463 loco
950 1418 1067 1483 pro
1096 1396 1323 1462 Laelio
1348 1396 1429 1463 L.
1452 1394 1717 1461 Aelium
1745 1405 1901 1482 post
1918 1394 2315 1459 Maiansium
2349 1397 2617 1463 reduxit

323 1521 457 1564 van
474 1498 832 1583 Heusdius,
858 1499 919 1564 A
934 1498 1039 1564 eli
1053 1521 1177 1564 um
1200 1498 1586 1585 simpliciter
1608 1507 1674 1563 et
1697 1498 1997 1563 codicum
2021 1498 2310 1583 episcopi
2323 1498 2620 1565 Alerien·

324 1602 416 1665 sis
461 1600 590 1665 fide
633 1610 699 1665 et
728 1610 1071 1666 auctorum
1113 1601 1329 1666 indice
1360 1601 1661 1665 Pliniano
1691 1600 1874 1664 nisus
1905 1600 2196 1663 restituit
2223 1598 2620 1665 Ritschelius

322 1703 597 1787 Parerg.
631 1702 668 1766 I
695 1724 759 1789 p.
793 1703 915 1767 371
950 1724 1047 1789 sq.
1092 1702 1215 1767 Oui
1247 1712 1312 1768 et
1341 1704 1465 1767 hac
1493 1703 1566 1767 in
1593 1724 1665 1767 re
1695 1702 2020 1768 assentior
2049 1710 2116 1766 et
2145 1700 2321 1787 quod
2353 1701 2435 1765 de
2467 1702 2618 1771 Sex.

324 1802 517 1869 Aelio
548 1825 682 1868 non
710 1826 856 1869 esse
898 1820 1047 1869 cum
1075 1804 1423 1871 Harduino
1465 1802 1886 1889 cogitandum
1928 1803 2178 1867 docuit:
2228 1824 2358 1867 non
2401 1826 2620 1869 assen-

322 1906 477 1987 tior,
510 1906 686 1992 quod
707 1904 1220 1971 iureconsultum
1249 1903 1762 1991 intellegendum
1787 1926 1930 1969 esse
1956 1925 2231 1989 eumque
2263 1905 2338 1969 C.
2355 1906 2616 1971 Aelium

321 2005 589 2072 Gallum
618 2008 1049 2073 existimavit.
1113 2008 1291 2087 Quid
1322 2008 1497 2072 enim
1529 2015 1651 2089 est,
1683 2029 1801 2071 cur
1830 2006 1911 2071 de
1941 2027 2013 2069 re
2039 2028 2173 2071 non
2201 2007 2414 2071 minus
2447 2010 2612 2073 anti—

318 2110 591 2195 quitatis
625 2108 939 2173 scientiae
970 2129 1165 2195 quam
1205 2108 1365 2173 iuris
1396 2110 1664 2194 propria
1704 2116 1988 2193 nequeat
2026 2108 2200 2171 inter
2242 2106 2408 2173 duos
2448 2110 2617 2173 iure-

319 2209 658 2277 consultos
700 2211 899 2276 etiam
939 2211 1403 2295 grammaticus
1446 2209 1638 2274 homo
1683 2207 1815 2273 dici
1855 2205 2164 2275 Plautino
2214 2232 2411 2274 versu
2457 2234 2617 2275 usus

320 2334 465 2376 esse
492 2311 582 2375 ad
613 2310 1235 2397 demonstrandum?
1279 2311 1508 2398 Neque
1540 2310 1712 2375 enim
1742 2309 1914 2397 quod
1946 2331 2146 2395 supra
2173 2310 2459 2376 vidimus
2491 2312 2614 2380 hae

320 2412 710 2502 disciplinae
739 2416 900 2480 adeo
932 2424 1073 2479 tum
1102 2420 1447 2499 separatae
1476 2413 1649 2476 inter
1679 2433 1744 2477 se
1775 2411 2058 2478 fuerunt.
2112 2412 2370 2496 Quodsi
2399 2416 2614 2480 acrius

319 2516 548 2597 instas,
577 2525 841 2602 praesto
874 2527 977 2581 est
1002 2516 1151 2602 ipsa
1180 2514 1322 2579 XII
1352 2513 1727 2579 tabularum
1751 2514 2204 2600 interpretatio
2229 2539 2245 2598 3
2277 2517 2346 2580 in
2376 2517 2614 2604 quibus

319 2625 583 2682 cautum
632 2617 794 2699 fuit,
842 2640 925 2682 ne
964 2625 1281 2682 murrata·
1305 2618 1486 2703 potio
1527 2625 1783 2681 mortuo
1838 2617 2176 2682 inderetur
2214 2617 2456 2700 (Varro
2504 2642 2609 2706 ap.

317 2718 586 2782 Festum
615 2741 679 2804 p.
717 2719 836 2784 158
868 2719 1021 2803 M.):
1067 2728 1265 2804 atque
1294 2719 1362 2784 id
1391 2720 1609 2804 ipsum
1637 2718 1770 2780 iam
1803 2718 2252 2784 Gothofredus
2285 2720 2370 2784 ad
2400 2722 2613 2786 locum

316 2818 692 2884 Plinianum
734 2820 1037 2884 adhibuit
1077 2821 1173 2904 (in
1206 2819 1469 2884 Ottonis
1504 2818 1703 2884 Thes.
1736 2819 1843 2883 III
1883 2842 1946 2904 p.
1985 2818 2172 2906 145):
2223 2822 2349 2884 etsi
2391 2820 2610 2886 incau-

318 2921 450 2985 tius
506 2930 688 2986 ratus
729 2919 1029 2986 Laelium
1071 2920 1359 2986 Felicem
1411 2920 1790 3006 posterioris
1839 2922 2155 3008 temporis
2209 2922 2610 2989 iureconsul-

316 3032 460 3088 tum
473 3022 523 3109 ²)
557 3023 687 3088 ista
715 3020 879 3108 legis
912 3022 1119 3090 verba
1150 3031 1700 3088 commentantem
1743 3045 1784 3087 a
1811 3021 2026 3088 Plinio
2069 3024 2278 3089 citari.
2340 3025 2510 3089 Nam
2539 3011 2610 3089 i'd

318 3124 582 3210 quidem
613 3124 815 3188 nolim
844 3146 1238 3212 magnopere
1268 3147 1535 3210 urgere,
1581 3124 1757 3210 quod
1789 3147 1873 3188 ex
1901 3125 2084 3189 Festi
2115 3124 2257 3190 loco
2289 3148 2353 3211 p.
2387 3127 2512 3191 273
2543 3151 2607 3192 v.

316 3247 499 3309 reus,
544 3226 659 3291 ubi
687 3225 863 3291 Aelii
896 3225 1075 3291 Galli
1118 3227 1499 3291 definitione
1539 3227 1906 3310 praemissa
1945 3226 2242 3311 pergitur
2284 3236 2375 3292 ‘at
2405 3232 2612 3307 quito

304 3331 517 3390 Ateius
546 3333 607 3390 in
635 3331 844 3391 eadem
874 3333 1111 3406 quidem
1141 3334 1413 3407 opinione
1444 3338 1551 3404 est,
1595 3332 1706 3391 sed
1743 3335 2084 3406 exemplo
2125 3335 2373 3392 adiuvat
2413 3336 2609 3393 inter-

311 3433 722 3510 pretationem’
754 3428 1161 3494 Mercklinus
1193 3429 1407 3494 effecit
1439 3428 1534 3510 (in
1563 3427 1980 3495 Fleckeiseni
2011 3429 2252 3495 Annal.
2282 3429 2442 3517 phil.
2475 3431 2608 3500 vol.

316 3531 531 3617 suppl.
562 3531 671 3596 III
696 3554 762 3619 p.
794 3531 948 3616 679)
979 3530 1243 3598 Aelium
1273 3529 1542 3596 Gallum
1571 3529 1874 3617 exempla
1913 3529 2149 3614 glossis
2191 3531 2436 3598 addere
2476 3556 2608 3600 non

315 3633 753 3698 consuevisse.
2195 3661 2200 3664 ·

481 3734 786 3821 Denique
814 3736 1192 3802 Priscianus
1222 3758 1289 3823 Ρ.
1323 3735 1446 3801 792
1475 3735 1553 3800 P.
1584 3736 1619 3801 I
1647 3758 1712 3823 Ρ.
1746 3735 1872 3801 382
1901 3735 1987 3801 Η.
2020 3734 2089 3799 in
2120 3740 2606 3806 enumeratione

318 3942 463 4007 apud
509 3943 751 3994 Gellium
787 3941 890 3993 XX
931 3945 985 4007 1,
1027 3945 1089 3993 12
1140 3941 1221 4007 (et
1254 3943 1499 3994 Plinium
1533 3943 1694 3994 XVII
1733 3945 1788 4008 1,
1827 3935 1886 4010 7)'
1931 3942 2310 4009 corrigendum
2359 3961 2427 3996 ex
2473 3945 2604 3998 XVI

314 4029 395 4089 10,
433 4031 467 4078 8
503 4026 706 4091 (Gaius
740 4028 825 4078 III
860 4027 1001 4092 223).
1080 4028 1235 4080 Adde
1274 4029 1681 4092 Quintilianum
1716 4029 1765 4080 V
1802 4030 1884 4092 10,
1917 4030 2002 4081 55.
2074 4028 2389 4080 Charisium
2423 4047 2476 4098 p.
2516 4033 2598 4080 58.

452 4109 495 4174 ¹)
547 4113 665 4162 Iam
718 4113 882 4165 video
928 4113 1239 4178 Kayserum
1282 4114 1336 4163 h.
1385 4113 1422 4168 1.
1473 4131 1542 4165 ex
1587 4113 1705 4165 cod.
1751 4113 2042 4165 Leidensis
2089 4115 2365 4181 scriptura
2411 4118 2602 4166 ‘lelius’

312 4196 483 4246 etiam
518 4197 724 4248 iustum
756 4215 1093 4265 praenomen
1127 4199 1285 4251 Aelio
1322 4201 1654 4252 restituisse.

444 4280 489 4344 2)
526 4282 597 4336 cf.
636 4279 703 4332 de
740 4281 838 4334 illo
864 4300 1009 4349 quae
1035 4285 1377 4337 Ritschelius
1402 4286 1543 4337 citat
1567 4286 1604 4340 l.
1629 4285 1895 4352 l..quibus
1923 4285 2204 4336 addendus
2231 4290 2318 4337 est
2341 4286 2600 4338 Merckli-

310 4380 413 4418 nus
448 4367 651 4419 Philol.
687 4366 815 4420 XVI
853 4369 949 4420 168
985 4384 1105 4435 sqq.
