3016 4888
774 350 867 398 DE
913 347 1281 398 Dvoossom
1327 347 1755 395 TABVLARVM
1798 345 2143 396 MssMomA.
2563 331 2607 395 9

314 527 466 588 gem
507 505 723 590 ipsam
761 503 930 568 bene
971 511 1224 583 nosset,
1270 510 1579 588 capturus
1620 501 1799 566 haud
1844 500 2067 566 fuerit.
2086 503 2134 589 ¹)
2196 501 2453 567 Pariter
2492 502 2605 589 qui

313 607 706 671 rhetoricam
748 604 836 668 ad
876 604 1284 669 Herennium
1335 604 1600 690 scripsit
1653 626 1737 668 ex
1784 603 1929 689 lege
1979 603 2263 690 plurima
2302 603 2605 690 exempla

312 707 550 773 hausit.
614 707 1068 772 Verumcirca
1106 707 1354 774 liberae
1391 705 1794 791 reipublicae
1836 707 2088 786 exitum
2130 727 2279 770 cum
2317 704 2605 791 partium

317 809 533 875 studio
565 811 856 896 etgarmis
879 809 1133 874 ‘civium
1161 831 1357 874 verus
1389 810 1645 894 patriae
1676 829 1861 874 amor
1899 809 2039 872 fere
2068 811 2397 873 extinctus
2430 817 2607 874 esset

317 911 639 998 simulque
669 911 1076 977 Graecanica
1115 911 1438 996 elegantia
1468 912 1678 975 omnis
1723 909 1899 976 vitae
1942 931 2080 974 mos
2121 909 2469 996 cultusque
2506 911 2603 974 in-

315 1013 650 1094 ficeretur,
681 1012 797 1078 illa
838 1036 1098 1100 quoque
1124 1013 1289 1098 legis
1333 1012 1510 1100 apud
1553 1013 1867 1098 populum
1908 1013 2221 1077 memoria
2264 1013 2606 1078 consenuit

317 1125 384 1180 et
411 1114 728 1200 paulatim
759 1116 1056 1180 evanuit:
1090 1116 1314 1202 itaque
1344 1115 1574 1180 Cicero
1604 1116 1676 1177 in
1703 1115 1892 1180 libris
1927 1114 2008 1180 de
2040 1113 2295 1200 legibus
2326 1151 2411 1163 —
2441 1137 2603 1201 quos

315 1237 488 1282 nunc
517 1218 679 1282 satis
708 1226 972 1282 constat
1001 1240 1171 1283 anno
1197 1215 1473 1282 IOOCII
1503 1239 1557 1280 s.
1582 1213 1899 1282 IOOOIII
1926 1217 2327 1302 conscriptos
2358 1237 2501 1280 esse
2524 1241 2605 1264 -’-

315 1319 458 1385 XII
490 1320 624 1384 iam
653 1341 695 1383 a
725 1319 980 1383 nemine
1012 1318 1176 1383 disci
1208 1319 1504 1405 queritur
1527 1317 1597 1382 II
1619 1318 1725 1401 23,
1750 1317 1931 1402 59²);
1965 1338 2085 1382 nec
2111 1317 2241 1382 alia
2264 1341 2347 1383 ex
2370 1339 2606 1408 caussa

312 1421 490 1486 idem
519 1420 752 1487 eodem
780 1420 920 1486 loco
950 1420 1277 1507 putandus
1311 1429 1410 1486 est
1439 1430 1576 1486 tam
1597 1417 1859 1506 copiose
1882 1421 1963 1485 de
1992 1419 2403 1486 funeralibus
2434 1419 2603 1505 legis

316 1524 634 1588 institutis
668 1523 1010 1588 disserere.

483 1625 626 1689 Iam
667 1647 823 1692 vero
865 1647 1034 1711 quae
1073 1634 1208 1689 tam
1237 1625 1607 1710 perniciosa
1644 1624 1868 1690 extitit
1910 1623 2043 1710 legi
2072 1624 2369 1690 Graecae
2412 1623 2605 1688 disci-

314 1727 536 1812 plinae
566 1727 954 1808 auctoritas,
999 1726 1230 1791 eadem
1272 1725 1478 1791 altera
1518 1749 1603 1790 ex
1638 1736 1827 1812 parte
1868 1749 2184 1791 summam
2225 1727 2288 1790 ei
2328 1724 2608 1791 salutem

315 1828 558 1894 attulit.
617 1827 916 1914 Namque
971 1851 1098 1914 quo
1142 1829 1350 1913 magis
1395 1850 1479 1892 ex
1520 1851 1644 1894 usu
1684 1829 1932 1894 forensi
1973 1850 2049 1894 ac
2091 1827 2395 1916 populari
2446 1837 2605 1892 tam-

314 1952 512 2015 quam
552 1929 836 1996 emeritis
883 1930 1231 2016 stipendiis
1275 1939 1702 1996 exauctorata
1748 1930 2053 2012 cedebat,
2096 1953 2171 1996 eo
2218 1930 2519 2017 cupidius
2569 1953 2609 1994 a

313 2033 866 2115 grammaticis
922 2030 1216 2095 studiis
1272 2031 1551 2096 vixdum
1591 2032 1814 2097 sedem
1855 2034 2068 2098 nactis
2111 2041 2431 2119 occupata
2484 2042 2605 2097 est.

312 2133 453 2198 Nec
481 2131 700 2196 hercle
732 2133 1078 2218 quisquam
1109 2131 1468 2212 dubitabit,
1516 2135 1673 2219 quin
1716 2135 2180 2218 grammaticos
2211 2135 2506 2200 homines
2540 2145 2606 2200 et
2651 2148 2655 2152 '

315 2233 676 2315 litteratos,
709 2235 823 2320 qui
863 2235 985 2298 toti
1028 2242 1248 2298 essent
1289 2234 1360 2296 in
1379 2233 1666 2319 linguae
1713 2244 1779 2300 et
1814 2235 2133 2300 historiae
2168 2236 2609 2301 monumentis

321 2335 748 2421 congerendis
790 2335 1278 2421 perscrutandis
1324 2335 1768 2421 explicandis,
1820 2335 2148 2422 insignem
2197 2336 2330 2422 legi
2362 2337 2505 2402 XII
2532 2347 2609 2402 ut

319 2438 774 2524 antiquissimo
805 2435 1248 2502 Romanorum
1277 2434 1444 2503 libro
1473 2460 1744 2524 operam
1774 2462 2017 2504 navare
2046 2461 2168 2524 par
2197 2439 2417 2505 fuerit.
2468 2439 2609 2505 Iam

318 2540 430 2624 qui
467 2540 772 2624 princeps
814 2539 1388 2623 grammaticorum
1418 2539 1487 2602 in
1518 2539 1733 2604 fronte
1766 2541 1981 2626 operis
2013 2540 2394 2607 Suetoniani
2423 2542 2608 2627 poni-

315 2650 456 2721 tur,
510 2641 695 2706 cuius
744 2641 966 2726 ipsum
1011 2661 1252 2706 nomen
1293 2639 1445 2705 huic
1487 2644 1609 2706 toti
1652 2641 2022 2707 studiorum
2063 2643 2287 2727 generi
2330 2643 2608 2707 affixum

315 2750 416 2806 est
430 2742 484 2826 ³)
502 2789 520 2823 7
575 2742 654 2807 L.
685 2739 918 2807 Aelius
961 2742 1127 2808 Stilo
1159 2742 1601 2807 Praeconinus
1634 2751 1709 2806 ut
1738 2744 2103 2807 carminum
2134 2743 2484 2808 Saliarium
2514 2746 2610 2809 ita

319 2840 462 2906 XII
491 2842 866 2908 tabularum
907 2842 1436 2928 explanationem
1479 2844 1884 2931 conscripsit.
1964 2844 2177 2925 Quem
2218 2855 2478 2911 secutus
2510 2855 2611 2910 est

439 3114 494 3181 ⁴¹)
547 3118 619 3171 cf.
675 3116 826 3168 locos
873 3118 943 3167 ad
988 3118 1306 3184 fragmenta
1354 3120 1559 3169 citatos
1602 3118 1796 3168 Plauti
1838 3119 1895 3169 II
1939 3122 1971 3169 2
2025 3119 2250 3171 Terenti
2292 3120 2377 3170 III
2424 3123 2455 3171 3
2500 3122 2624 3170 En-'

312 3201 394 3250 nii
435 3201 569 3251 VIII
608 3203 669 3250 11
707 3216 788 3265 sq.
824 3202 1032 3252 Lucilii
1066 3204 1094 3252 I
1133 3206 1189 3261 1,,
1214 3206 1246 3253 2
1282 3202 1501 3253 Afranii
1538 3203 1565 3251 I
1602 3205 1630 3252 7
1666 3202 1930 3254 Varronis
1965 3204 1993 3254 I
2027 3207 2076 3255 3.
2139 3204 2351 3266 Quibus
2390 3205 2611 3255 accedit

317 3284 551 3335 Catonis
590 3302 656 3336 ex
691 3284 837 3337 libro
869 3286 948 3335 IV
984 3287 1268 3352 Originum
1307 3303 1341 3336 a
1366 3287 1655 3337 Prisciano
1691 3286 1719 3337 1
1753 3304 1806 3353 p.
1831 3290 1933 3338 254
1956 3289 2027 3339 H.
2066 3288 2343 3353 allegatus
2379 3291 2458 3338 (εἰ
2496 3292 2607 3356 quis

313 3370 576 3421 membrum
620 3372 765 3434 rupit
807 3378 896 3420 aut
941 3388 998 3421 os
1038 3372 1224 3436 freyit,
1275 3374 1461 3421 talione
1501 3373 1773 3437 proximus
1817 3379 2063 3437 coynatus
2105 3376 2417 3425 ulciscitur-².-
2466 3375 2610 3441 quod

313 3457 418 3505 etsi
453 3471 632 3520 neque
671 3450 742 3505 ad
777 3456 886 3507 XII
922 3470 1103 3521 neque
1141 3456 1213 3505 ad
1248 3458 1336 3507 ius
1373 3458 1481 3508 XII
1520 3458 1803 3522 antiquius
1842 3472 1963 3507 cum
1988 3458 2323 3509 Mommseno
2360 3459 2607 3509 referen-

311 3540 436 3590 dum
477 3531 600 3592 esse
637 3541 733 3591 sed
771 3541 841 3591 ad
878 3541 1141 3592 talionem
1177 3543 1381 3593 Poenis
1417 3544 1687 3591 usitatam
1721 3542 2093 3594 revocandum
2132 3560 2254 3593 cum
2292 3545 2607 3611 Wagenero

312 3630 368 3675 et
397 3624 633 3676 Iordano
675 3625 838 3677 docet
875 3631 930 3677 et
965 3627 1252 3693 inscriptio
1290 3627 1329 3676 1.
1354 3628 1437 3679 IV
1475 3632 1531 3678 et
1567 3644 1834 3693 praesens
1870 3630 2189 3679 ‘ulciscitur’
2228 3633 2285 3679 et
2319 3630 2442 3695 ipsa
2480 3647 2609 3696 poe—

314 3724 507 3760 narum
553 3708 878 3775 diversitas,
928 3714 1115 3761 tamen
1161 3713 1232 3762 ad
1285 3712 1518 3763 formam
1575 3712 1717 3779 legis
1763 3716 1955 3779 aperte
2006 3714 2478 3767 accommodatum
2523 3721 2608 3769 est

312 3793 473 3857 (VIII
509 3797 558 3856 2,
597 3794 671 3860 3).

442 3876 488 3945 ²)
525 3878 732 3931 Eadem
772 3886 858 3932 est
883 3881 1169 3932 Ciceronis
1207 3882 1274 3932 de
1309 3883 1427 3934 iure
1462 3881 1749 3949 pontificio
1787 3884 2002 3948 questio
2039 3883 2106 3935 de
2144 3901 2220 3940 or.
2260 3884 2345 3938 ΠΙ
2381 3889 2467 3951 33,
2508 3888 2605 3939 136

309 3967 454 4013 ‘'-nam
487 3967 798 4028 pontificium
833 3970 969 4032 quod
1003 3974 1080 4017 est
1114 3969 1426 4018 coniunctum
1459 3984 1601 4019 nemo
1638 3969 1829 4023 discit?
2298 4016 2308 4024 .

438 4046 486 4117 ¹³)
527 4047 724 4100 Cicero
772 4051 838 4101 de
889 4067 965 4105 or.
1013 4053 1041 4101 I
1085 4054 1337 4111 43,·193.
1394 4054 1524 4102 Nam
1569 4056 1673 4104 sive
1718 4069 1859 4120 quem
1904 4055 2031 4103 haec
2067 4055 2345 4105 Aeliana
2388 4054 2607 4107 studia

307 4133 588 4191 delectant,
622 4136 842 4197 plurima
889 4144 966 4186 est
1001 4138 1053 4186 in
1089 4139 1222 4187 omni
1263 4140 1375 4188 iure
1410 4140 1547 4188 civili
1588 4146 1645 4189 ut
1678 4141 1739 4189 -ἰπ
1773 4134 2065 4204 pontificum
2102 4140 2247 4189 libris
2294 4146 2345 4190 et
2394 4144 2445 4191 in
2481 4140 2604 4191 XII

308 4216 489 4266 tabulis
523 4218 840 4282 antiquitatis
877 4222 1096 4285 effiyies,
1141 4224 1279 4287 quod
1311 4229 1363 4272 et
1406 4222 1672 4274 verborum
1714 4226 1892 4288 prisca
1926 4231 2153 4275 vetustas
2187 4227 2513 4291 cognoscitur
2550 4234 2603 4277 et

304 4301 554 4434 notingum
595 4316 790 4365 genera
831 4308 1080 4369 quaedam
1122 4309 1362 4359 maior-um
1405 4310 1813 4361 consuetudinem
1864 4312 2112 4378 vitamque
2162 4312 2445 4364 declarant.
2524 4310 2597 4365 of.

306 4385 424 4435 Aca
465 4420 477 4435 .
517 4388 657 4451 post.
694 4387 722 4437 I
758 4390 819 4449 2,·
846 4388 894 4437 8.
