3016 4888
789 336 884 382 DE
930 335 1299 383 Dvonscm
1346 332 1775 381 TABVLARVM
1820 333 2170 382 MEMomA.
2591 320 2633 384 5

330 493 518 557 litate
547 491 919 577 suspicatus
951 497 1052 553 est
1081 480 1513 575 exemploque
1542 487 1835 552 firmavit
1874 486 2307 575 suspitionem
2335 488 2631 554 Ritsche-

331 592 458 657 lius
490 594 559 656 in
589 593 781 658 Poes.
815 600 1063 656 saturn.
1099 589 1394 676 spicileg.
1425 589 1460 652 I
1493 589 1793 673 (Bonnae
1829 588 2021 676 1854)
2052 612 2118 676 p.
2149 589 2193 654 5
2222 611 2319 676 sq.
2339 589 2388 675 ¹)

499 693 709 780 Atqui
756 692 918 758 haec
958 691 1176 756 omnia
1228 713 1417 764 suam
1458 691 1599 756 vim
1643 690 1979 756 habebant
2028 690 2116 754 ad
2156 690 2629 757 immutandam

329 795 650 885 paulatim
677 794 1031 880 pristinam
1062 793 1228 878 legis
1261 791 1735 858 condicionem.
1796 790 2059 857 Accidit
2101 795 2275 858 enim
2321 794 2494 880 quod
2524 816 2627 860 so-

329 899 422 964 let
449 896 746 963 accidere
775 897 844 961 in
873 918 945 960 re
975 917 1102 961 usu
1131 894 1438 960 diuturno
1479 893 1639 959 trita
1679 902 1876 980 atque
1918 915 2031 960 ore
2060 903 2125 958 et
2158 894 2497 961 auditione
2527 918 2627 960 ce-

329 999 618 1066 lebrata:
651 1008 728 1063 ut
756 999 1062 1083 antiquus
1093 995 1207 1060 ille
1239 997 1556 1060 sermonis
1600 993 1778 1061 color
1808 996 2049 1061 sensim
2078 998 2447 1083 sensimque
2477 997 2624 1062 abs·
2655 1037 2657 1040 >

336 1110 698 1186 tergeretur
726 1110 792 1166 et
821 1099 904 1164 ad
935 1098 1270 1184 propriam
1300 1098 1616 1184 cuiusque
1648 1099 1886 1162 aetatis
1921 1098 2460 1165 consuetudinem
2492 1121 2625 1163 ma-

331 1203 431 1289 gis
467 1200 1072 1266 accommodaretur
1084 1199 1162 1284 ²),
1195 1198 1468 1286 perinde
1496 1209 1573 1266 ut
1597 1199 1871 1265 Lutheri
1903 1201 2213 1265 nostratis
2243 1200 2625 1287 Scripturae

330 1326 560 1370 sacrae
587 1303 878 1372 versioni
907 1302 1224 1386 obtigisse
1254 1311 1480 1367 notum
1522 1312 1642 1368 est.
1704 1301 1893 1382 Quae
1932 1324 2036 1366 res
2077 1311 2152 1367 ut
2178 1301 2387 1368 valde
2428 1323 2625 1388 appo-

329 1405 458 1470 sita
499 1405 630 1472 fuit
668 1415 864 1491 atque
910 1406 1082 1470 adeo·
1116 1407 1487 1468 necessaria
1528 1405 1615 1470 ad
1653 1403 1907 1488 largam
1946 1402 2131 1468 illam
2169 1402 2479 1470 utilitatis
2520 1425 2625 1470 co-

327 1507 504 1594 piam
535 1505 776 1593 populo
807 1505 1352 1593 suppeditandam
1369 1553 1387 1587 ,
1419 1506 1515 1571 ita
1546 1505 2009 1573 detrimentum
2048 1504 2273 1584 attulit
2310 1505 2623 1589 gravissi·

326 1630 503 1671 mum
547 1615 616 1672 et
655 1627 1010 1693 numquam
1050 1630 1183 1673 non
1237 1606 1589 1672 dolendum
1629 1607 2073 1694 grammaticis
2118 1607 2378 1672 studiis.
2452 1605 2623 1670 Nam

303 1695 493 1796 'quae
523 1709 594 1772 in
623 1709 924 1804 quintum
955 1718 1022 1775 et
1051 1718 1311 1774 sextum
1337 1709 1522 1774 urbis
1562 1708 1896 1775 saeculum
1926 1708 2159 1775 incidit
2195 1707 2461 1794 linguae
2504 1709 2622 1772 im-

465 2000 504 2066 ¹)
545 2003 664 2052 ‘De
699 2001 787 2053 his
824 2003 968 2052 enim
1002 2001 1190 2053 verbis
1227 1999 1334 2051 etsi
1371 2001 1428 2050 in
1475 1999 1729 2052 diversas
1772 2004 1963 2066 partes
2011 2017 2134 2052 cum
2180 2001 2396 2051 discedi
2436 2004 2625 2066 potest

327 2091 442 2136 tum
479 2086 786 2138 discessum
825 2089 936 2148 ost,
974 2089 1159 2134 tamen
1197 2086 1305 2134 arti
1344 2086 1683 2137 conveniens
1718 2086 2107 2152 interpretatio
2153 2087 2247 2136 vix
2288 2084 2438 2136 aliud
2476 2088 2622 2152 pati-

325 2179 414 2222 tur
449 2170 560 2222 nisi
595 2175 657 2220 ut
691 2185 889 2235 reapse
925 2168 1080 2234 leges
1118 2167 1226 2218 XII
1262 2166 1579 2218 tabularum
1616 2169 1752 2220 illae
1792 2170 2095 2233 aliquando
2134 2170 2311 2219 fuisse
2362 2171 2424 2219 in
2458 2171 2623 2219 metri

325 2257 557 2306 formam
594 2255 854 2306 redactae
902 2252 1212 2307 credantur.
1288 2255 1444 2316 Quae
1491 2267 1581 2303 res
1633 2269 1795 2318 quam
1843 2257 1899 2304 et
1945 2270 1979 2303 a
2023 2253 2285 2303 similium
2336 2269 2619 2319 compara-

324 2341 474 2391 tione
513 2340 1044 2391 commendationem
1081 2342 1136 2388 et
1171 2339 1586 2390 demonstrandi
1620 2339 1987 2404 multiplicem
2015 2339 2329 2390 cautionem
2362 2339 2619 2404 haberet,

323 2426 690 2477 meminerunt
741 2429 899 2492 puto,
959 2424 1054 2490 qui
1109 2423 1348 2489 publicis
1403 2424 1615 2476 scholis
1674 2425 1879 2477 nostris
1938 2425 2339 2486 interfuerunt,
2404 2423 2620 2489 aliquot

324 2512 590 2577 exemplis
628 2513 710 2562 ita
744 2527 845 2562 nos
881 2514 1201 2575 persecutos
1239 2524 1392 2572 esse,
1430 2512 1493 2560 ut
1529 2524 1703 2575 genus
1739 2524 2085 2560 numerorum
2132 2525 2203 2559 ne
2248 2510 2353 2559 hoc
2400 2510 2620 2575 quidem

325 2594 476 2647 aliud
516 2601 682 2661 atque
719 2595 1037 2647 Saturnium
1076 2594 1249 2647 fuisse
1288 2595 1725 2650 ostenderemus.
1796 2594 1966 2647 Velut
1998 2595 2179 2661 ipsum
2224 2594 2363 2647 illud
2398 2594 2619 2648 Cicero·

324 2682 410 2731 nis
457 2676 765 2746 exemplum
825 2680 895 2730 ad
943 2695 1064 2729 eam
1111 2694 1358 2730 normam
1403 2679 1519 2731 leni
1566 2681 1727 2731 unius
1773 2679 2007 2732 voculae
2058 2681 2490 2747 transpositione
2538 2681 2620 2733 sic

325 2761 570 2816 accedit:

715 2850 838 2900 Hoc
873 2847 998 2915 plus
1037 2863 1108 2899 ne
1145 2848 1347 2901 facito:
1384 2847 1456 2899 ne
1491 2863 1684 2915 rogum
1719 2874 1789 2885 —
1824 2848 1982 2899 ascia
2014 2846 2215 2916 polito..

321 2935 432 2984 nisi
455 2938 496 2965 “
509 2950 580 2984 ne
605 2934 816 2985 6361-
839 2933 874 2983 a
898 2930 1090 2999 rog-iim
1114 2932 1343 3000 polito„
1372 2934 1554 2986 malis.
1604 2935 1950 3000 Quamquam
1976 2935 2147 2985 etiam
2185 2938 2226 2965 “
2239 2933 2431 3001 rogum
2454 2951 2527 2986 ne
2550 2962 2620 2975 --

321 3018 479 3069 ascia
514 3016 743 3084 polito„
779 3019 951 3070 habet
999 3018 1092 3085 qui
1136 3018 1480 3074 defendatur.
1553 3022 1695 3071 Nam
1730 3019 1875 3071 omni
1910 3018 2271 3085 supersedere
2309 3022 2611 3086 transposi·
2680 3039 2703 3049 *

321 3104 473 3154 tione
510 3104 592 3154 ita
627 3107 843 3161 tantum
877 3104 1116 3169 poteris,
1153 3108 1215 3153 ut
1250 3109 1468 3155 resecto
1503 3106 1856 3171 pronomine,
1906 3104 2048 3171 quod
2082 3109 2271 3157 tamen
2304 3104 2413 3170 ipsi
2450 3105 2607 3157 Cice·

319 3189 442 3239 roni
477 3189 723 3239 tribuere
760 3188 854 3239 vix
893 3189 1097 3253 ausim,
1134 3189 1401 3254 scriptum
1439 3190 1614 3240 fuisse
1651 3191 1710 3239 in
1744 3190 1853 3241 XII
1888 3189 2075 3241 dicas:

612 3286 617 3289 ·
712 3273 844 3322 Plus
880 3271 951 3323 ne
988 3272 1191 3323 facito:
1231 3288 1420 3339 rogum
1457 3273 1577 3323 sisci
1610 3300 1678 3311 —
1714 3274 1747 3325 a
1783 3272 1854 3324 ne
1889 3272 2108 3339 polito?
2136 3301 2202 3309 —

317 3360 498 3408 Favet
531 3356 626 3407 isti
663 3358 908 3423 opinioni
946 3359 1114 3408 etiam
1150 3358 1422 3423 oppositio
1459 3357 1606 3424 apud
1643 3357 1761 3413 Cic.
1796 3358 1865 3409 de
1902 3374 1979 3411 or.
2016 3359 2045 3409 1
2080 3360 2161 3419 57,
2199 3360 2299 3410 245
2334 3364 2423 3410 ‘ut
2460 3367 2616 3412 totum

317 3444 444 3493 illud
477 3445 608 3493 “uti
649 3445 820 3507 linqua
871 3443 1249 3507 nuncupassit„
1288 3458 1386 3493 non
1432 3442 1489 3493 in
1526 3444 1651 3494 XII
1683 3444 1893 3503 tabulis,
1931 3459 2059 3509 quas
2093 3450 2147 3493 tu
2183 3443 2407 3495 omnibus
2442 3444 2615 3496 biblio-

317 3527 476 3577 thecis
511 3529 802 3591 anteponis,
839 3529 936 3579 sed
968 3528 1021 3576 in
1064 3528 1296 3591 mayistm'
1341 3532 1621 3579 carmine
1664 3531 1909 3593 scriptum
1952 3529 2255 3581 videretur!
2326 3528 2506 3593 Atque
2548 3545 2615 3581 ex

317 3611 406 3662 his
442 3610 580 3661 locis
625 3613 738 3661 iam
771 3612 1030 3662 Budaeus
1077 3612 1310 3677 aliique,
1361 3611 1428 3663 de
1475 3613 1693 3678 quibus·
1724 3614 1797 3664 cf.
1838 3614 1969 3665 Otto
2006 3612 2273 3665 Thesaur.
2310 3613 2397 3664 ΠΙ
2430 3614 2610 3679 praef.

317 3712 372 3761 p.
407 3697 467 3758 5,
520 3694 590 3745 de
625 3698 858 3747 metrica
896 3698 1070 3748 forma
1105 3699 1492 3762 cogitaverunt
1539 3698 1646 3749 etsi
1688 3698 1877 3764 inepte
1926 3713 2050 3749 eam
2097 3696 2233 3763 ipsis
2282 3694 2614 3751 decemviris

317 3780 641 3833 tribuentes.
693 3780 898 3832 Contra
933 3781 1178 3846 vulgaris
1215 3782 1272 3831 in
1308 3782 1431 3833 loco
1465 3782 1536 3833 de
1572 3782 1720 3848 legg.
1758 3784 2050 3834 verborum
2088 3781 2481 3847 explicationis
2516 3796 2612 3848 pa-

317 3865 608 3915 trocinium
643 3866 888 3931 suscepit
911 3866 1260 3918 Duentzerus
1295 3867 1354 3915 in
1379 3865 1687 3919 Muetzellii
1710 3868 1909 3921 Annal.
1935 3868 2018 3917 rei
2042 3882 2221 3932 gymn.
2251 3868 2381 3937 1857
2417 3884 2470 3933 p.
2497 3870 2529 3918 3
2555 3883 2607 3920 n.

318 3949 413 4011 (cf.
447 3949 859 4014 Bernhardyius
895 3951 1045 4001 Hist.
1092 3950 1202 4000 litt.
1229 3966 1372 4021 rom.
1409 3968 1464 4017 p.
1501 3954 1601 4003 377
1640 3952 1723 4004 ed.
1760 3952 1815 4017 4)
1858 3952 2063 4004 collato
2100 3952 2351 4003 Senecae
2389 3952 2427 4001 1.
2468 3951 2609 4003 Con·

315 4036 455 4084 trov.
490 4033 546 4085 11
584 4037 648 4085 10
683 4039 702 4065 ‘
713 4038 850 4099 quod
891 4035 1184 4086 scholastici
1226 4052 1348 4101 qua
1361 4038 1420 4085 si
1460 4053 1667 4088 carmen
1712 4039 2032 4089 didicerant’
2070 4051 2233 4100 quem
2280 4038 2476 4088 merito
2522 4054 2608 4089 re·

317 4115 466 4166 follit
498 4116 841 4170 Ribbeckius
875 4120 934 4169 in
969 4118 1328 4177 Fleckeiseni
1363 4120 1563 4173 Annal.
1601 4121 1734 4187 phil.
1768 4138 1821 4174 v.
1859 4124 1923 4174 77
1960 4139 2013 4188 p.
2048 4124 2167 4173 203.

449 4199 492 4264 ²)
533 4202 606 4251 cf.
642 4202 854 4256 Marius
889 4205 1206 4255 Victorinus
1229 4201 1295 4271 p.
1333 4208 1469 4257 2458
1504 4206 1567 4257 P.
1604 4206 1696 4257 Ita
1741 4208 1930 4267 nostri,
1976 4214 2031 4257 ut
2078 4214 2304 4273 apparet
2347 4222 2419 4258 ex
2465 4207 2609 4257 libris
2713 4247 2721 4255 ,.

316 4287 535 4352 antiquis
565 4288 832 4351 foederum
855 4296 916 4338 ·et
955 4286 1062 4355 [ex]
1101 4293 1274 4355 legum,
1315 4293 1400 4357 qui
1423 4294 1621 4342 etiamsi
1654 4308 1725 4342 ex
1755 4293 2025 4357 frequenti
2045 4292 2475 4357 transscriptione
2512 4294 2610 4343 ali·-

317 4372 438 4437 quid
469 4378 747 4433 mutarunt,
787 4378 949 4423 tamen
983 4376 1208 4425 retinent
1243 4378 1593 4441 antiquitatem
1630 4391 1705 4427 e-.
1728 4391 1777 4441 q.
1818 4392 1860 4427 s.
