3016 4888
11 1793 28 3289 W*—ssv—v—w—-
12 1773 14 1788 -
12 1725 15 1768 -’·-
12 1675 15 1700 -
12 1527 15 1564 --

727 376 822 424 DE
867 373 1238 423 DVODEOIM
1282 371 1709 420 TABVLARVM
1754 371 2097 420 MEMORIA.
2480 356 2557 420 17

267 538 335 594 to
387 551 595 615 usque
647 527 732 592 ad
787 528 958 593 sexti
1005 528 1266 594 initium
1281 525 1334 612 ¹)
1375 549 1460 592 ex
1503 527 1747 612 scripto
1792 526 1873 591 de
1913 525 2389 612 gubernatione
2431 525 2561 589 Dei

277 629 453 695 locus
484 629 660 696 VIII
689 631 732 695 5
763 633 963 694 ‘Intra
996 633 1418 710 Cartkaqz‘nem
1457 649 1599 692 vero
1638 648 1940 708 apparere
1980 635 2041 692 in
2068 633 2287 707 plateis
2312 637 2371 691 et
2395 647 2562 691 com-

265 737 407 810 pitis
435 736 550 796 Dei
581 754 780 796 servos
805 740 932 796 sine
957 739 1314 802 contumelia
1345 741 1521 810 atque
1550 736 1931 795 execratione
1960 737 2064 794 vix
2093 736 2276 795 licuit.
2339 733 2560 792 Perse-

273 840 562 897 cutionem
591 839 702 898 hoc
731 839 969 914 quidem
992 839 1188 912 fuisse
1216 856 1332 899 non
1360 845 1602 914 putant,
1650 838 1791 911 quia
1834 852 1952 896 non
1982 841 2041 896 et
2066 838 2250 896 occisi
2272 845 2410 895 sunt
2439 881 2455 895 .
2492 879 2507 893 .
2542 880 2555 893 .

271 939 396 999 Sed
431 943 494 998 in
535 942 714 1001 urbe
762 943 818 1000 il
828 943 854 1000 l
863 957 902 1000 α
949 957 1067 1000 non
1111 948 1230 1001 tam
1271 941 1571 1000 hominum
1605 939 1862 1011 fuerunt
1889 938 2040 998 haee
2068 938 2351 1010 beneficia
2382 952 2561 1012 quam

270 1043 294 1100 l
303 1059 338 1101 e
343 1058 529 1116 qum.
618 1042 892 1116 Interfici
939 1045 1096 1104 enim
1150 1045 1551 1104 indemnatum
1600 1057 2004 1116 quemcunque
2056 1041 2345 1101 hominem
2385 1041 2562 1099 etiam

271 1143 437 1202 XII
470 1144 903 1206 tabularum
950 1148 1267 1206 decreta
1309 1149 1637 1206 vetuerunt.
1709 1143 1788 1202 In
1832 1139 2359 1218 quo'aynoscitur‚
2405 1139 2567 1215 quod

271 1261 495 1318 maana
526 1249 651 1307 illic
674 1251 1104 1323 praeroqativa
1138 1249 1472 1309 dominicae
1504 1248 1808 1321 reliqionis
1832 1244 1989 1317 fuit.-
2032 1247 2137 1304 ubi
2174 1245 2307 1304 ideo
2336 1247 2562 1302 tantum

271 1350 454 1407 servis
492 1349 608 1410 Dei
642 1352 816 1412 licuit
849 1352 1132 1418 evadere,
1184 1354 1327 1426 quia
1367 1369 1406 1412 α
1434 1365 1745 1427 paqano
1784 1351 1950 1409 iure
1993 1348 2231 1421 defensi
2268 1352 2431 1418 sunt,
2486 1363 2563 1405 ne

276 1452 746 1513 Christianorum
764 1455 1037 1514 manibus
1058 1455 1652 1517 trucidarentur’.——
1679 1449 1811 1514 Hic
1833 1457 2051 1514 autem
2076 1470 2285 1534 neque
2305 1447 2562 1511 ‘urbem

273 1550 477 1616 illam'
511 1551 708 1616 aliam
739 1573 884 1616 esse
913 1553 1043 1616 nisi
1075 1551 1541 1638 Carthaginem
1572 1573 1815 1639 neque,
1859 1550 1955 1616 ibi
1998 1572 2167 1638 quae
2208 1547 2561 1640 valuerint,

272 1653 414 1716 XII
443 1653 820 1718 tabularum
860 1654 1122 1718 decreta
1152 1655 1283 1718 alia
1311 1654 1444 1717 nisi
1476 1653 1943 1720 decemviralia
1972 1652 2410 1717 certissimum
2442 1660 2563 1714 est.

271 1754 506 1841 Itaque
547 1759 826 1842 utroque
869 1754 1044 1838 loco,
1098 1766 1172 1821 ut
1210 1777 1331 1842 par
1374 1766 1504 1836 est,
1558 1755 1627 1818 in
1671 1777 1937 1820 censum
1980 1762 2217 1820 vocato
2261 1753 2394 1817 iam
2435 1772 2565 1816 non

269 1853 423 1919 licet
466 1856 800 1940 dubitare,
845 1859 1006 1944 quin
1047 1857 1434 1942 Carthagini
1464 1856 1607 1922 XII
1636 1854 1899 1922 tabulae
1940 1857 2169 1942 quinto
2200 1855 2398 1920 etiam
2428 1875 2565 1918 sae-

274 1955 419 2020 culo
461 1957 767 2024 fuerint
749 1983 818 2024 1n
857 1959 1001 2025 foro
1041 1960 1310 2025 affixae.
1383 1959 1571 2040 Quae
1599 1981 1705 2023 res
1738 1969 1815 2024 ut
1843 1959 2189 2045 exploratu
2218 1956 2435 2022 facilis
2467 1965 2568 2020 est

273 2058 370 2122 ita
400 2059 732 2144 explicatu
765 2060 1172 2146 difficillima.
1233 2060 1573 2125 Incautius
1607 2061 1779 2125 enim
1809 2071 1965 2145 agat
2004 2061 2267 2147 opinor,
2324 2060 2379 2122 si
2413 2058 2565 2145 quis

271 2159 427 2225 inde
470 2161 694 2225 statim
737 2161 986 2227 efficiat
1022 2139 1196 2225 hunc
1237 2171 1643 2228 constantem
1682 2184 1876 2225 usum
1912 2162 2119 2225 fuisse
2158 2161 2399 2246 populo
2441 2160 2567 2228 Ro—

274 2283 498 2358 mano,
543 2273 619 2328 ut
663 2263 766 2329 ius
810 2265 1149 2350 antiquum
1193 2273 1388 2350 atque
1430 2287 1516 2328 ex
1554 2257 1741 2350 parte
1773 2262 2193 2330 obsoletum
2174 2285 2243 2326 m
2275 2260 2565 2328 colonias

273 2385 530 2452 quoque
560 2373 1088 2453 transportarent
1117 2367 1188 2428 in
1217 2387 1328 2429 aes
1360 2365 1670 2430 incisum:
1717 2365 1790 2430 id
1833 2366 2010 2453 quod
2048 2388 2131 2430 ne
2160 2363 2397 2429 umbra
2427 2363 2565 2451 qui-

275 2464 425 2530 dem
453 2469 822 2551 argumenti
854 2467 1118 2532 aliunde
1147 2468 1338 2554 petiti
1369 2468 1621 2532 nititur.
1685 2470 1776 2533 At
1804 2479 2034 2536 notum
2067 2477 2167 2534 est
2195 2468 2265 2530 in
2296 2465 2568 2531 Cartha·

209 2656 213 2659 ι
273 2568 441 2653 ginis
487 2569 740 2635 deletae
782 2578 1015 2655 atque,
1069 2590 1151 2633 ne
1192 2591 1503 2655 umquam
1554 2570 1976 2654 incoleretur,
2031 2570 2309 2636 devotae
2351 2567 2567 2633 locum

273 2693 512 2735 novam
559 2670 881 2736 coloniam
922 2694 962 2737 a
1004 2654 1078 2736 C.
1111 2670 1409 2737 Graccho
1451 2672 1688 2737 deduci
1730 2683 2031 2759 coeptam
2071 2681 2223 2758 post
2264 2693 2569 2758 repressa

227 2834 234 2840 .
275 2772 414 2835 eius
458 2772 734 2838 consilia
776 2775 1077 2857 Augusto
1123 2772 1388 2837 demum
1428 2774 1791 2859 imperante
1831 2795 1889 2837 a.
1934 2797 1999 2838 u.
2045 2772 2431 2838 DCCXXV
2474 2773 2565 2855 (a.

275 2874 427 2940 Chr.
460 2874 738 2958 XXIX)
769 2896 999 2959 reapse
1031 2872 1367 2939 conditam
1397 2881 1574 2939 esse‘:
1621 2894 1789 2961 quae
1832 2884 2053 2940 tamen
2096 2883 2171 2941 ut
2198 2874 2411 2961 prima
2439 2873 2566 2938 Ro-

275 2996 615 3039 manorum
643 2985 835 3040 extra
864 2974 1128 3040 Italiam
1157 2975 1413 3041 colonia
1444 2976 1777 3042 celebrata
1806 2986 1929 3041 est.
1960 2977 2043 3041 cf.
2074 2975 2367 3041 Velleius
2398 2976 2433 3039 Ι
2467 2974 2567 3039 15.

276 3078 350 3141 II
380 3077 416 3141 7
450 3075 615 3162 (15).
674 3076 901 3143 Potuit
931 3077 1135 3161 igitur
1165 3079 1338 3159 fieri,
1379 3088 1455 3143 ut
1495 3078 1817 3163 singulari
1856 3077 2051 3142 huius
2094 3076 2389 3144 coloniae
2419 3097 2568 3141 con-

279 3178 536 3243 dicione
565 3176 732 3263 legis
764 3179 832 3241 in
861 3202 1102 3245 novam
1129 3180 1466 3246 civitatem
1489 3179 1822 3245 sollemnis
1845 3180 2131 3266 receptio
2158 3179 2567 3245 commenda-

275 3289 485 3345 retur:
518 3287 669 3344 utut
709 3301 812 3344 res
858 3302 928 3344 se
957 3281 1186 3364 habet,
1222 3283 1347 3347 hoc
1375 3281 1643 3367 quidem
1672 3302 1863 3345 nemo
1895 3282 2164 3365 negabit
2191 3281 2370 3346 istud
2401 3279 2566 3364 legis

278 3380 615 3468 exemplar
656 3404 788 3446 non
829 3403 986 3445 sane
1029 3391 1363 3447 vetustum
1404 3380 1611 3446 fuisse
1643 3405 1762 3447 nec
1796 3382 2135 3448 diversum
2166 3382 2375 3467 ahteis
2409 3403 2564 3467 quo-

278 3505 426 3548 rum
455 3484 828 3568 fragmenta
855 3483 1046 3548 nobis
1079 3506 1334 3570 quoque
1361 3484 1803 3550 innotuerunt.
1863 3484 2007 3550 Iam
2044 3506 2201 3551 vero
2242 3506 2389 3549 cum
2420 3482 2567 3546 aliis

278 3608 356 3650 ea
387 3585 468 3650 de
499 3607 570 3649 re
611 3584 1002 3650 testimoniis
1044 3584 1240 3671 plane
1281 3585 1583 3651 destituti
1625 3587 1862 3669 simuS,
1914 3610 1996 3651 ne
2042 3585 2112 3650 id
2155 3584 2421 3672 quidem
2460 3584 2567 3648 de·

279 3688 460 3751 cerni
502 3687 746 3771 poterit
760 3736 779 3770 ‚
823 3686 1136 3774 quamdiu
1177 3686 1564 3773 Carthagini
1604 3689 1716 3753 lex
1746 3688 2073 3753 extiterit:
2122 3709 2321 3773 quam
2349 3697 2570 3751 tamen

279 3787 638 3853 verisimile
676 3788 943 3854 videtur
984 3790 1160 3854 intra
1199 3810 1404 3855 annos
1444 3789 1830 3880 IOCXCIII
1874 3799 1940 3854 et
1980 3787 2428 3854 IOCXCVIII
2458 3786 2566 3852 de-

279 3911 459 3953 mum
486 3890 650 3956 urbe
681 3890 766 3953 ab
790 3892 1126 3958 Arabibus
1150 3891 1485 3956 acerrimis
1508 3900 2077 3957 monumentorum
2099 3888 2567 3954 litterariorum

279 3989 558 4055 inimicis
589 3990 948 4057 identidem
978 4001 1173 4080 capta
1200 3992 1553 4059 interiisse.

417 4242 460 4315 1)
496 4248 636 4301 Nam
673 4252 765 4316 qui
801 4265 921 4303 eum
959 4266 1008 4304 a.
1043 4253 1144 4304 485
1181 4250 1372 4303 dicunt
1405 4258 1677 4323 mortuum
1716 4266 1837 4303 esse
1875 4249 1970 4315 (cf.
1998 4250 2307 4301 Dirksenus
2342 4250 2566 4313 Fragm.

281 4328 390 4383 XII
427 4333 579 4384 tabb.
618 4346 672 4399 p.
707 4333 741 4385 4
775 4350 828 4388 n.
853 4336 936 4399 4⁸)
972 4354 1082 4389 non
1116 4340 1481 4389 meminerunt
1516 4338 1574 4387 in
1600 4336 1876 4388 Gennadii
1913 4336 1979 4387 de
2015 4336 2150 4388 viris
2187 4335 2391 4386 illustr.
2424 4331 2568 4383 libro
2600 4374 2613 4391 .

284 4433 335 4467 a.
373 4418 474 4468 496
510 4418 657 4469 edito
694 4419 761 4471 de
799 4419 1064 4473 Salviano
1100 4423 1210 4474 dici
1249 4439 1296 4478 c.
1332 4424 1400 4474 94
1436 4424 1605 4473 ‘Vivit
1636 4438 1794 4488 usque
1828 4422 1977 4473 hodie
2012 4423 2066 4471 in
2099 4425 2363 4472 senectute
2397 4418 2569 4469 bona!

2122 4501 2164 4565 2
2221 4569 2226 4574 .
