3016 4888
577 358 672 404 DE
716 356 1106 403 VETERIBVS
1152 354 1255 401 XII
1300 354 1730 435 TABVLARVQ
1775 356 2347 407 INTERPRETIBVS.
2519 344 2604 409 29

304 530 421 572 rus
469 508 725 575 rettulit
761 509 937 575 Hist.
984 510 1129 575 crit.
1178 507 1377 574 schol.
1420 508 1536 574 lat.
1582 532 1646 596 p.
1677 508 1787 591 38,
1840 510 1910 573 in
1951 532 2025 574 6ο
2065 521 2288 577 tamen
2327 513 2602 579 mirifice

305 607 533 695 lapsus
548 657 567 692 ‚
600 610 776 697 quod
806 610 851 676 S
870 619 1051 675 exto
1082 609 1276 676 Aelio
1307 609 1604 695 glossam
1633 610 2016 697 adscripsit:
2061 612 2302 677 rectius
2337 614 2598 680 Merke-

302 709 432 776 lius
463 709 506 775 l.
538 710 581 776 l.
618 711 735 776 GV
764 712 857 777 eis
898 712 1119 780 verbis
1156 711 1483 777 lemmatis
1528 711 1855 798 deperditi
1895 712 2074 798 quod
2115 736 2152 779 e
2183 714 2324 780 XII
2354 716 2596 782 tabulis

301 811 535 897 fuerit,
570 814 981 901 deperditam
1010 814 1518 902 explicationem
1549 814 1870 879 contineri
1911 816 2252 903 perspexit
2292 818 2596 906 idemque

298 913 723 999 Lachmanno
753 917 1085 1003 probavit.
1130 917 1231 982 Ac
1261 916 1494 983 videor
1523 914 1716 999 mihi,
1749 915 1924 1003 quod
1954 915 2084 983 loci
2113 920 2286 985 ratio
2315 918 2596 1005 flagitat,

298 1037 437 1080 non
502 1017 641 1081 sine
704 1017 927 1105 aliqua
984 1017 1469 1106 probabilitatis
1539 1018 1756 1106 specie
1807 1018 2221 1105 supplevisse
2295 1022 2366 1084 in
2423 1020 2598 1087 hunc

300 1117 599 1184 modum:
640 1122 1027 1200 Transque
1055 1127 1227 1186 dato
1254 1122 1511 1208 nota)vit
1537 1126 1742 1185 Aelius
1768 1127 1832 1184 in
1863 1124 2001 1185 XII
2023 1120 2400 1206 siq(m'ficare
2427 1134 2598 1187 tra-

302 1224 626 1300 ditoque.
688 1223 773 1287 cf.
806 1245 870 1310 p.
902 1223 1028 1288 309
1056 1224 1149 1289 M.
1191 1227 1336 1288 ‘Sub
1374 1245 1473 1288 vos
1508 1230 1696 1303 placo
1733 1229 1796 1287 in
1833 1228 2114 1303 precibus
2147 1229 2290 1301 sere
2313 1246 2450 1289 cum
2491 1232 2596 1290 di-

300 1329 463 1387 eitur
500 1330 805 1411 significat
842 1329 910 1389 id
944 1330 1107 1405 quod
1140 1331 1439 1407 supplice,
1480 1338 1548 1389 ut
1585 1332 1648 1389 in
1689 1329 1978 1403 leyibus
2018 1327 2380 1405 transque
2420 1334 2597 1392 dato

306 1436 367 1487 et
394 1430 676 1506 *endoque
706 1412 980 1508 plorato'
999 1454 1017 1491 .-
1070 1429 1187 1495 ubi
1236 1426 1416 1512 leges
1458 1426 1601 1493 XII
1642 1425 1933 1511 intellegi
1974 1428 2282 1493 certiores
2334 1452 2454 1494 nos
2498 1430 2650 1494 fast*

300 1528 395 1595 cit
426 1529 761 1596 Ciceronis
795 1530 877 1595 de
908 1554 971 1596 v.
1008 1536 1195 1594 ‘endo
1228 1538 1502 1609 plorato'
1538 1528 1987 1595 testimonium
2017 1552 2110 1594 or.
2152 1529 2414 1615 p.,Tull.
2449 1531 2596 1613 §50

310 1630 424 1714 (cf.
460 1632 541 1695 T.
570 1630 911 1719 V111.12).
971 1632 1179 1719 Atqui
1220 1653 1369 1696 cum
1405 1632 1636 1697 redeat
1676 1633 1747 1695 in
1775 1629 1966 1696 Pauli
2007 1654 2092 1696 ex
2130 1631 2329 1699 Festo
2373 1654 2593 1697 excer-

299 1733 431 1818 ptis
466 1738 653 1797 ‘endo
674 1740 915 1812 plorato
944 1740 1293 1815 implorato’
1324 1756 1388 1821 p.
1407 1735 1484 1799 77
1517 1733 1634 1816 M„
1667 1733 1864 1800 etiam
1895 1739 2216 1813 ‘transque
2245 1740 2422 1799 dato'
2453 1734 2594 1800 sive

300 1832 494 1898 malis
529 1843 780 1899 ‘trans
818 1840 863 1900 d
873 1845 1026 1899 αἵθ’
1052 1836 1103 1921 ¹)
1138 1858 1330 1901 suum
1360 1836 1642 1922 adipisci
1669 1834 1887 1900 locum
1916 1836 1985 1899 in
2017 1836 2327 1901 continuo
2357 1837 2591 1903 verbo-

300 1924 449 1999 rum
498 1935 727 2000 ordine
778 1959 900 2023 par
939 1939 1087 2003 fuit.
1174 1938 1357 2004 Solet
1410 1938 1584 2003 enim
1622 1936 1900 2001 Verrius
1941 1960 2106 2023 quae
2161 1935 2324 2001 alias
2369 1938 2591 2004 dedita

301 2059 503 2123 opera
532 2047 1037 2121 commentatur,
1084 2039 1315 2103 eadem
1359 2039 1522 2104 alias
1565 2037 2013 2124 exemplorum
2053 2039 2196 2105 loco
2239 2062 2590 2127 usurpare3

223 2201 232 2207 .
301 2146 379 2203 ut
406 2138 605 2204 etiam
644 2140 847 2206 verbo
879 2142 898 2172 ‘
914 2144 1021 2203 sub
1062 2160 1162 2203 vos
1190 2148 1377 2219 placo
1393 2148 1409 2175 ’
1438 2142 1576 2203 iam
1613 2138 1978 2204 illustravit
2015 2162 2206 2204 usum
2245 2140 2590 2207 locutionis

300 2242 395 2304 ‘ob
422 2261 523 2304 vos
548 2248 749 2305 sacro’
778 2264 843 2328 p.
883 2241 1023 2307 190.
1065 2242 1150 2305 cf.
1184 2264 1248 2329 p.
1287 2242 1411 2306 170
1440 2246 1732 2321 ‘nuptias'
1765 2263 1914 2306 cum
1942 2263 2005 2327 p.
2040 2241 2163 2306 184
2191 2245 2473 2307 ‘obnubit'
2503 2246 2588 2307 al.

300 2378 387 2387 ——
428 2341 567 2406 Nec
606 2344 821 2407 minus
871 2342 958 2407 ad
1009 2341 1173 2407 illud
1216 2343 1391 2431 quod
1446 2344 1762 2431 proposui
1803 2344 2386 2415 commendandum
2428 2344 2592 2408 facit

300 2467 618 2531 perquam
670 2454 1076 2532 opportunus
1131 2446 1498 2512 vicinarum
1546 2444 1922 2530 glossarum
1971 2444 2154 2511 ordo.
2243 2444 2592 2513 Praecedit
2688 2513 2701 2527 ‚

300 2546 475 2610 enim
499 2549 640 2614 sive
654 2549 1137 2612 Mommsenum
1158 2549 1449 2634 sequeris
1474 2551 1746 2611 ‘Transit
1763 2553 2123 2630 imperium’,
2150 2548 2292 2614 sive
2311 2548 2592 2635 Bergkii

301 2669 511 2732 sagax
532 2671 690 2714 sane
713 2651 1049 2716 inventum
1072 2658 1091 2689 ‘
1105 2653 1523 2715 Translatione
1543 2655 1646 2714 lex
1665 2657 1904 2714 curiata
1925 2638 2154 2726 fertur’
2172 2648 2260 2734 2);
2294 2652 2592 2737 sequitur

299 2753 675 2815 ‘trisulcum'.
706 2752 1017 2818 Ceterum
1036 2753 1259 2818 neseio
1284 2775 1370 2817 an
1391 2752 1605 2839 spatio
1628 2752 1860 2816 melius
1881 2750 2257 2816 consulatur
2279 2757 2410 2816 ‘ait'
2435 2754 2588 2818 scr-i-
2649 2749 2660 2760 ⁶

298 2851 513 2940 hendo
531 2875 657 2938 pro
682 2855 1045 2938 ‘(nota)v2't',
1087 2856 1274 2918 cuius
1306 2853 1493 2920 verbi
1523 2851 1740 2916 nullus
1772 2852 1950 2940 apud
1978 2854 2250 2918 Festum
2276 2876 2435 2919 usus
2467 2864 2588 2920 est.

297 2989 384 3000 —
415 2953 609 3032 Quod
638 2976 796 3020 vero
827 2954 1091 3020 efficere
1121 2955 1301 3023 volui
1328 2977 1554 3021 omnes
1585 2977 1696 3020 eos
1725 2954 1904 3020 locos
1934 2954 2151 3038 Festi,
2184 2957 2424 3041 quibus
2457 2959 2584 3022 Ae—

298 3053 425 3117 lius
454 3054 629 3120 nude
666 3055 1065 3143 appelletur,
1111 3057 1197 3122 ad
1228 3056 1542 3123 Stilonem
1581 3057 1938 3142 pertinere,
1984 3056 2054 3120 id
2095 3066 2162 3121 et
2201 3068 2434 3145 suapte
2473 3081 2584 3122 na-

296 3164 445 3220 tura
472 3157 696 3244 reique
728 3158 1149 3243 simplicitate
1189 3143 1682 3224 commendatur
1723 3168 1788 3224 et
1815 3156 2140 3224 Varronis
2181 3160 2478 3246 exemplo
2519 3169 2586 3225 et

297 3258 578 3344 denique
624 3259 921 3345 ipsorum
972 3259 1495 3345 fragmentorum
1545 3260 1800 3325 ratione
1849 3260 2188 3345 probatur.
2203 3261 2260 3346 3)
2344 3263 2584 3342 Quam·

434 3547 473 3613 ¹)
510 3549 635 3600 Hoc
669 3533 909 3602 fortasse
946 3552 1319 3618 probabilium
1355 3552 1437 3603 ita
1470 3555 1634 3604 ‘endo
1666 3555 1906 3618 plorato’
1946 3557 2033 3604 est
2067 3553 2214 3620 apud
2240 3553 2582 3619 Ciceronem,

294 3632 557 3695 Paulum,
597 3634 1002 3688 Glossariorum
1040 3643 1327 3702 auctorest,
1376 3653 1498 3687 cum
1535 3639 1823 3706 ‘endoque
1866 3641 2106 3702 plorato’
2145 3644 2419 3705 appareat
2458 3657 2581 3706 pro-

296 3719 472 3782 prium
526 3719 669 3785 legis
725 3739 867 3774 esse.
948 3721 1081 3773 Sim.
1129 3725 1521 3789 ‘pedemstruit’
1577 3723 1733 3772 Fest.
1779 3740 1832 3789 p.
1879 3725 1981 3774 210
2037 3729 2093 3774 et
2147 3724 2325 3776 Gloss.
2371 3725 2580 3776 Labb.:

294 3807 584 3868 ‘pedemve
634 3809 817 3856 struic’
874 3807 967 3858 lex
1020 3808 1168 3874 apud
1221 3810 1378 3860 Fest.
1433 3824 1487 3873 p.
1536 3810 1655 3859 310.
1743 3807 1903 3858 Unde
1966 3807 2238 3859 diiudices
2298 3824 2406 3873 quo
2459 3811 2576 3860 iure

298 3886 659 3942 Schroeterus
706 3892 763 3941 in
801 3891 1099 3943 Schunckii
1138 3893 1339 3945 Annal.
1376 3892 1485 3946 litt.
1521 3896 1626 3943 iur.
1666 3893 1742 3945 IV
1777 3910 1830 3959 p.
1869 3895 1936 3944 33
1983 3909 2052 3944 ex
2089 3891 2373 3945 Ciceronis
2417 3897 2577 3946 testi-

292 3975 475 4024 monio
512 3976 726 4028 efficiat
761 3979 1013 4044 ‘endoque
1042 3981 1274 4044 plorato’
1313 3994 1399 4043 ap.
1426 3979 1653 4029 Festum
1689 3977 1761 4028 ad
1795 3978 1977 4044 legem
2012 3977 2120 4028 XII
2154 3981 2432 4044 pertinere
2470 3996 2578 4031 non

289 4071 472 4122 posse.

426 4143 469 4208 ²)
508 4143 824 4199 ι’Τνίὂιιηίεία
845 4150 1135 4215 νοῃαιίοπε’
1168 4149 1352 4202 voluit
1380 4148 1646 4215 Ursinus,
1685 4148 1946 4214 ι’Τι’ἰρίηία
1968 4149 2248 4200 lictoribus’
2286 4149 2576 4202 Rubinone

290 4233 519 4281 auctore
553 4231 873 4286 Muellerus.
920 4229 925 4233 ’

426 4315 469 4380 ³)
503 4315 817 4383 Numquam
852 4325 1037 4371 autem
1073 4319 1220 4388 apud
1254 4322 1483 4373 Festum
1519 4323 1611 4374 vel
1648 4322 1736 4377 ‘L.
1762 4323 1963 4373 Aelius’
2001 4319 2092 4371 vel
2129 4320 2348 4372 inverso
2385 4321 2586 4375 ordine·

292 4401 445 4452 ‘Stilo
482 4403 681 4452 Aelius'
719 4407 1063 4471 nominatur,
1101 4407 1168 4457 de
1206 4422 1315 4472 quo
1350 4423 1403 4474 p.
1428 4410 1530 4460 355
1563 4425 1614 4462 v.
1653 4409 1922 4459 tumulum
1959 4404 2246 4456 inferendo
2271 4409 2575 4462 Merkelius
