3016 4888
438 323 522 387 22
1023 308 1027 313 ’
1272 333 1497 381 cAPv'r
1540 330 1894 379 ALTERVM.

464 720 537 797 ἦ
560 726 588 741 ..
632 656 637 661 ·
1126 624 1467 701 OAPVT
1540 622 2059 699 ALTERVM.

445 854 567 947 DE
589 850 1141 947 VETERIBVS
1160 849 1296 945 XII
1316 766 2769 943 iABVLARVMJNTERPRETIBVS.

617 1104 1085 1188 Quaestionem
1124 1104 1205 1169 de
1248 1105 1341 1169 eis
1358 1152 1379 1187 ,
1424 1105 1537 1191 qui
1575 1104 1747 1170 inter
1787 1114 2044 1170 veteres
2087 1104 2297 1189 legem
2324 1102 2773 1190 interpretati

447 1218 631 1291 sunt,
706 1204 882 1295 quod
939 1214 1091 1293 post
1148 1205 1577 1293 Suringarum
1649 1205 1864 1291 (Hist.
1927 1207 2074 1272 crit.
2135 1206 2464 1272 scholiast.
2524 1204 2638 1269 lat.
2723 1204 2768 1267 1

445 1336 509 1401 p.
538 1308 821 1395 30-55)
854 1309 1343 1375 retractandam
1372 1309 1662 1395 suscipio
1678 1357 1696 1391 ‚
1728 1331 1920 1373 nemo
1950 1310 2179 1394 opinor
2209 1309 2586 1385 mirabitur,
2625 1306 2762 1391 qui

446 1413 863 1481 verissimum
894 1411 979 1475 de
1008 1412 1149 1476 eius
1181 1411 1352 1478 libro
1368 1411 1684 1476 iudicium
1706 1411 2050 1476 Ritschelii
2069 1413 2330 1478 noverit
2363 1412 2690 1497 (Parerga
2718 1408 2764 1473 I

448 1541 513 1603 p.
546 1515 723 1598 361).
782 1512 1009 1579 Placet
1039 1523 1260 1579 tamen
1292 1536 1438 1579 eam
1468 1516 1919 1601 quaestionem
1948 1513 2044 1579 ita
2071 1514 2410 1600 persequi,
2455 1521 2530 1578 ut
2569 1532 2762 1598 quae

450 1620 585 1683 iam
616 1616 701 1683 ab
730 1615 844 1682 illo
875 1624 1198 1703 occupata
1228 1626 1381 1682 sunt
1407 1625 1846 1703 praeteream,
1889 1616 1972 1681 de
2003 1616 2098 1681 eis
2130 1625 2381 1698 autem,
2427 1636 2592 1701 quae
2632 1612 2761 1679 vel

454 1720 657 1787 dubia
688 1727 842 1785 sunt
875 1718 984 1783 vel
1015 1740 1251 1805 parum
1279 1719 1493 1785 adhuc
1514 1718 1868 1802 intellecta,
1897 1718 2095 1806 paulo
2115 1717 2370 1805 plenius
2395 1716 2755 1783 disseram.

620 1822 721 1886 Ac
748 1821 1033 1908 primum
1062 1821 1327 1907 quidem
1358 1823 1533 1886 Sex.
1565 1819 1880 1883 Aelium
1919 1821 2244 1884 Paetum
2271 1819 2760 1903 cognomine

454 1924 737 1988 Catum
782 1922 1108 2007 insignem
1146 1924 1308 1987 iuris
1353 1922 1627 1988 scientia
1657 1922 1831 2008 apud
1859 1920 2208 2008 populares
2238 1958 2324 1969 —-
2353 1923 2468 2006 qui
2498 1929 2564 1984 et
2593 1941 2760 1985 con-

453 2024 557 2089 sul
582 2025 709 2089 fuit
732 2047 791 2089 a.
816 2022 1031 2093 IOLV
1055 2045 1202 2088 cum
1226 2024 1306 2087 Τ.
1333 2023 1642 2105 Quinctio
1665 2022 2033 2089 Flaminino
2059 2032 2124 2087 et
2147 2042 2377 2087 censor
2403 2044 2462 2087 a.
2485 2020 2758 2086 IOLIX

452 2129 786 2211 ingentem
825 2124 1109 2211 gratiam
1149 2124 1327 2211 apud
1356 2135 1658 2191 senatum
1685 2126 1942 2213 peperit
1971 2125 2316 2191 senatoriis
2348 2124 2508 2189 locis
2539 2124 2608 2186 in
2639 2145 2756 2187 ca-

453 2251 579 2297 vea
621 2252 661 2293 a
699 2226 943 2314 populo
986 2227 1253 2291 secretis
1297 2228 1558 2311 (Livius
1589 2228 1696 2309 34,
1726 2228 1840 2312 44>
1870 2229 2148 2312 —legis
2189 2229 2614 2313 interpretem
2648 2223 2754 2287 di-

456 2340 629 2395 serte
670 2329 959 2413 appellat
991 2326 1219 2392 Cicero
1260 2325 1405 2391 loco
1436 2350 1631 2413 quem
1661 2328 1890 2393 notavi
1919 2327 2002 2393 de
2031 2327 2159 2414 leg.
2191 2328 2263 2393 II
2290 2328 2397 2409 23,
2427 2327 2511 2391 59
2539 2326 2752 2391 idem-

455 2455 581 2519 que
627 2440 911 2496 testatur
940 2427 1340 2514 Pomponius
1371 2428 1532 2514 Dig.
1569 2429 1600 2492 1
1619 2476 1638 2511 ‚
1669 2428 1744 2511 2,
1776 2430 1817 2493 2
1847 2433 1912 2512 ξ.
1941 2429 2047 2496 38.
2094 2438 2111 2465 ‘
2130 2433 2550 2505 Sex.,Aelium.
2567 2433 2754 2492 etiam

318 2587 331 2593 -
458 2541 692 2600 Ennius
720 2537 994 2596 laudavit
1009 2533 1058 2618 1)
1088 2542 1149 2596 et
1185 2542 1353 2596 extat
1377 2539 1540 2596 illius
1567 2536 1717 2595 liber
1756 2539 1862 2609 qm·
1901 2538 2244 2596 inscribitur
2276 2537 2318 2568 ‘²
2339 2536 2750 2614 Tripertita'’‚

457 2641 563 2715 qui
609 2639 759 2699 liber
800 2639 981 2696 veluti
1015 2637 1315 2696 cunabula
1355 2638 1507 2696 iuris
1546 2638 1816 2696 continet.
1884 2636 2212 2710 Tripertita
2257 2644 2456 2698 autem
2500 2639 2752 2716 dicitur,

466 2741 745 2816 quoniam
774 2742 902 2813 leoe
930 2737 1076 2800 XII
1109 2739 1448 2798 tabularum
1480 2740 1832 2814 praeposita
1875 2739 2142 2812 iunqitur
2181 2740 2746 2812 interpretatio,

461 2844 600 2903 dein
642 2842 973 2900 subtexitur
1013 2843 1160 2914 leyis
1190 2842 1345 2899 aetio
1359 2841 1403 2899 ’.
1470 2836 1682 2917 Quem
1719 2835 1964 2901 librum
2002 2857 2133 2899 non
2162 2834 2322 2900 mihi
2361 2837 2752 2923 persuaderi

464 2940 549 3004 ab
608 2935 957 3001 Huschkio
1027 2936 1245 3021 patiar
1306 2933 1431 3015 (in.
1468 2937 1707 3000 Annal.
1769 2939 1892 3001 iur.
1953 2938 2264 3002 scientiae
2320 2937 2552 3004 histor.
2613 2939 2750 3003 XV

471 3040 593 3105 179
623 3037 795 3123 sqq.)
812 3035 867 3119 ²)
910 3035 1455 3122 quemadmodum
1494 3038 1676 3122 passi
1719 3047 1872 3101 sunt
1907 3038 2286 3103 Rudorffius
2331 3038 2419 3103 H.
2451 3040 2494 3102 i.
2527 3062 2581 3104 r.
2616 3062 2681 3126 p.
2715 3042 2752 3105 I

466 3139 619 3220 158,
675 3135 1011 3202 Walterus
1052 3136 1138 3200 H.
1183 3137 1307 3200 iur.
1351 3134 1424 3200 II
1461 3160 1529 3223 p.
1559 3137 1600 3200 6
1614 3185 1632 3219 7
1673 3136 1786 3202 alii
1837 3175 1907 3185 -—
1939 3127 2293 3205 ‘diversum
2338 3162 2482 3204 esse
2531 3141 2618 3206 ab
2669 3163 2749 3207 66

464 3240 575 3325 qui
618 3237 989 3324 appellatur
1046 3236 1191 3303 ‘Ius
1234 3237 1586 3304 Aelianum
1598 3245 1638 3320 ',
1689 3240 1873 3304 cuius
1920 3241 2095 3325 apud
2136 3240 2573 3327 Pomponium
2613 3246 2676 3323 ξ.
2712 3243 2752 3307 7

463 3339 706 3404 mentio
760 3347 891 3420 est,
946 3341 1051 3405 vel
1105 3363 1147 3402 a
1197 3338 1684 3404 commentariis
1736 3339 1888 3406 Sex.
1934 3341 2106 3406 Aelii
2158 3342 2462 3408 Ciceroni
2511 3363 2752 3406 memo-
2830 3347 2843 3360 “

465 3439 629 3505 ratis
679 3439 760 3502 de
816 3459 909 3502 or.
949 3439 984 3504 I
1024 3439 1140 3521 56,
1178 3440 1323 3503 240.
1415 3440 1711 3527 Namque
1768 3443 1868 3506 ius
1923 3442 2268 3506 Aelianum
2323 3441 2488 3507 nihil
2544 3444 2751 3508 conti-

471 3541 695 3607 nuisse
734 3538 867 3604 nisi
907 3538 1072 3626 legis
1116 3541 1406 3606 actiones
1450 3544 1728 3607 omissas
1769 3543 1840 3606 in
1880 3544 2040 3618 iure,
2061 3540 2383 3608 Flaviano
2425 3543 2751 3610 immerito
2798 3606 2818 3630 ,

468 3639 877 3706 concluditur
907 3663 989 3705 ex
1019 3641 1361 3727 Pomponii
1390 3643 1613 3708 verbis
1643 3645 1852 3709 hisce:
1903 3649 2277 3721 ‘auqescente
2305 3651 2566 3722 civitate,
2609 3652 2754 3725 quia

472 3747 724 3806 deerant
750 3748 1046 3820 quaedam
1070 3762 1301 3821 qenera
1333 3751 1583 3822 emendi,
1615 3765 1732 3808 non
1756 3756 1891 3825 post
1917 3751 2159 3809 muttum
2189 3754 2465 3827 temporis
2493 3753 2756 3825 spatium

474 3847 614 3908 Sex.
648 3846 850 3906 Aelius
880 3851 1032 3908 alias
1058 3850 1319 3910 actiones
1347 3854 1671 3925 composuit
1696 3860 1764 3911 et
1791 3851 2066 3910 librum
2091 3856 2370 3927 populo
2404 3852 2612 3911 dedit
2651 3855 2759 3926 qui

472 3950 816 4023 appellatur
855 3951 947 4009 ius
985 3934 1339 4011 Aelianum&
1401 3947 1536 4014 Ubi
1574 3970 1655 4014 ne
1697 3947 1915 4033 specie
1957 3947 2216 4035 quidem
2245 3949 2387 4014 veri
2429 3971 2752 4013 commen-

612 4197 653 4262 ¹)
692 4198 885 4250 Cicero
922 4199 989 4250 de
1025 4215 1103 4256 or.
1139 4202 1166 4251 Ι
1198 4203 1283 4265 45,
1322 4204 1435 4260 198.

610 4281 653 4348 ²)
690 4283 977 4334 Huschkio
1013 4285 1160 4334 viam
1194 4287 1550 4352 praeiverunt
1587 4305 1708 4339 cum
1746 4288 1846 4339 alii
1891 4292 2004 4338 tum
2049 4289 2285 4339 omnium
2333 4291 2753 4342 accuratissime

474 4367 795 4419 Vaassenus
829 4367 1118 4424 Animadv.
1154 4371 1435 4426 hist.-crit.
1472 4372 1542 4422 ad
1577 4374 1755 4424 fastos
1791 4373 2159 4424 Romanorum
2193 4363 2382 4425 sac'ros
2418 4390 2472 4439 p.
2498 4376 2593 4424 161
2630 4389 2753 4439 sqq.
