3016 4888
1175 117 1216 133 x

775 322 872 372 m:
915 321 1284 372 nvonncm
1329 322 1757 370 rAnvnAnvM
1802 323 2148 372 MEMORIA.
2530 311 2607 376 13

318 478 478 566 Dig.
507 478 613 560 27,
649 478 750 558 10,
787 477 820 540 l
865 477 1076 562 1636111
1117 478 1198 543 de
1238 475 1472 542 furiosi
1516 477 1854 544 curatione
1898 475 1990 562 (V
2022 479 2088 564 7)
2134 478 2222 543 ad
2260 479 2609 566 prodigum

319 605 574 672 quoque
602 580 958 662 rettulerit,
991 583 1234 645 Auctor
1265 580 1350 644 ad
1380 579 1785 644 Herennium
1825 577 2149 646 et-Cicero
2180 581 2398 666 potius
2428 583 2607 647 incu-

318 686 506 752 sandi
537 694 690 752 sunt
719 683 831 771 qui
860 684 1073 748 minus
1104 692 1404 748 accurate
1436 681 1853 748 tradiderint-
1868 680 2031 765 legis
2063 681 2271 746 verba
2306 719 2393 728 ——
2432 683 2609 769 quod

319 796 737 874 sumpserunt
775 807 925 852 cum
964 783 1293 871 plerisque
1335 782 1498 869 legis
1544 783 2031 849 restitutoribus
2064 781 2511 848 Gothofredus
2542 793 2609 855 et

317 889 692 955 Dirksenus
714 925 800 939 ·-
821 909 1018 974 quam
1040 887 1097 950 is
1124 886 1235 973 qui
1256 908 1340 950 ex
1361 885 1901 971 interpretatione
1926 885 2124 968 tacito
2149 883 2413 952 addidit
2434 887 2607 972 quod

318 1014 359 1056 a
379 990 526 1076 1636
555 990 790 1056 abfuit.
837 990 1054 1075 Atque
1086 1011 1170 1054 ex
1201 987 1432 1054 eodem
1461 987 1644 1052 fonte
1674 987 1971 1072 profecta
2000 994 2101 1050 est
2127 985 2369 1051 vitiosa
2392 987 2607 1052 Paulli

318 1115 466 1158 cum
488 1091 773 1178 Ulpiano
798 1090 1139 1157 consensio
1161 1088 1398 1178 (Paull.
1427 1089 1512 1154 D.
1540 1089 1601 1170 6,
1638 1091 1694 1169 1,
1726 1088 1809 1152 23
1840 1093 1901 1170 ξ.
1927 1088 1967 1152 6
1988 1088 2071 1152 cf.
2098 1087 2204 1168 24,
2234 1089 2291 1170 1,
2317 1088 2420 1153 63.
2450 1088 2606 1175 Ulp.

315 1194 423 1276 47,
454 1194 526 1274 3,
562 1196 595 1257 1
629 1195 759 1281 pr.)
778 1242 797 1275 ,
850 1215 981 1281 qua
1032 1193 1286 1276 tignum
1339 1191 1632 1256 iunctum
1678 1188 1843 1274 legis
1888 1193 2223 1266 ‘furtivum’
2270 1189 2606 1276 appellant

320 1295 429 1380 (T.
459 1295 557 1360 VI
588 1297 687 1382 7):
724 1317 853 1381 qua
873 1295 942 1358 in
970 1315 1042 1358 re
1070 1293 1302 1357 miram
1332 1292 1546 1357 Paulli
1586 1291 2113 1357 inconstantiam·
2135 1291 2422 1372 notavit,
2474 1313 2607 1356 non

318 1396 584 1462 sustulit
632 1395 1022 1481 corrigendo
1073 1394 1459 1460 Huschkius
1514 1394 1612 1478 (in
1664 1393 2217 1460 commentatione
2270 1391 2356 1456 ad
2393 1392 2607 1478 1636111

317 1496 458 1561 XII
487 1497 668 1563 tabb.
704 1498 784 1562 de
815 1498 996 1582 tigno
1027 1498 1270 1563 iuncto.
1332 1495 1800 1575 Vratis1„1837
1830 1517 1894 1582 p.
1928 1495 1971 1560 5
2000 1495 2193 1581 sqq.).
2254 1495 2409 1559 Alia
2438 1517 2605 1582 quae

318 1598 582 1684 quidem
608 1598 881 1663 minoris
912 1599 1228 1665 momenti
1257 1599 1419 1680 sint,
1450 1607 1743 1685 praestat
1772 1597 2092 1662 omittere.

486 1701 630 1764 Iam
651 1722 808 1764 vero
833 1722 916 1764 ne
937 1699 1064 1766 hoc
1087 1698 1354 1787 quidem
1377 1700 1721 1766 offensioni
1745 1699 2047 1785 cuiquam
2074 1699 2217 1780 erit,
2251 1700 2424 1784 quod
2454 1697 2602 1765 sub·

318 1801 470 1866 inde
497 1802 706 1868 verba
734 1801 896 1887 legis
928 1800 1036 1868 vel
1063 1800 1235 1866 male
1264 1801 1468 1866 citata
1496 1801 1604 1865 vel
1633 1799 1977 1888 perperam
2007 1797 2340 1864 intellecta
2380 1799 2603 1886 depre-

317 1902 693 1968 hendimus:
727 1912 802 1967 ut
831 1913 1177 1990 utrumque
1210 1903 1388 1968 cadit
1415 1903 1484 1966 in
1514 1901 1728 1965 Paulli
1756 1901 1973 1967 locum
2001 1901 2090 1965 D.
2122 1901 2228 1982 50,
2264 1902 2365 1983 16,
2396 1902 2481 1966 53
2503 1924 2603 1988 pr.

317 2012 405 2068 ‘at
429 2025 564 2070 cum
595 2011 818 2070 dicitur
848 2011 1076 2084 “super
1101 2012 1395 2084 pecuniae
1423 2013 1711 2070 tutelaeve
1734 2010 1932 2068 suae''
1951 2029 2043 2054 ——·
2063 2002 2347 2069 debebat
2376 2009 2605 2084 “super

310 2103 571 2184 pec-'unia
609 2113 862 2170 tutelave
901 2125 1048 2169 suae
1087 2112 1226 2169 rei”
1277 2141 1358 2152 —
1401 2110 1582 2169 ‘tutor
1621 2113 1950 2186 separatim
1988 2112 2115 2168 sine
2149 2112 2410 2182 pecunia
2463 2111 2607 2169 dari

318 2229 438 2272 non
464 2215 692 2286 potest'.
729 2207 843 2292 (V.
873 2207 965 2292 3.)
1956 2267 1963 2274 .

483 2309 577 2374 At
617 2347 704 2396 7-
745 2331 828 2372 ne
873 2330 1044 2372 nunc
1099 2307 1466 2374 obtundam
1510 2308 1755 2374 diutius
1797 2347 1885 2360 ·—
1922 2308 1992 2372 in
2032 2305 2413 2373 universum
2454 2309 2601 2375 sub·

315 2410 647 2479 lestiorem
676 2432 820 2477 esse
851 2411 920 2475 in
952 2410 1094 2475 XII
1125 2410 1405 2476 citandis
1435 2412 2028 2479 iureconsultorum
2058 2432 2253 2497 quam
2280 2432 2600 2496 gramma-

315 2515 592 2579 ticorum
631 2512 1192 2598 litterator-umque
1234 2511 1429 2578 fidem
1461 2522 1527 2578 et
1554 2536 1673 2599 per
1712 2536 1783 2579 se
1824 2513 1966 2578 veri
1994 2534 2124 2577 non
2155 2521 2255 2577 est
2287 2511 2602 2578 dissimile

315 2625 382 2681 et
422 2616 584 2681 satis
631 2637 716 2679 ex
758 2636 984 2679 eorum
1015 2636 1183 2701 quae
1214 2615 1410 2681 modo
1441 2616 1724 2701 exposui
1753 2616 2005 2679 ratione
2036 2614 2207 2678 sumi
2237 2612 2409 2680 licet.
2472 2616 2601 2680 Ita-

313 2738 438 2803 que
470 2717 528 2781 si
557 2738 723 2803 quae
753 2739 886 2782 una
916 2716 1479 2802 iurisprudentum
1511 2720 1899 2781 auctoritate
1927 2717 2255 2797 nituntur,
2300 2719 2601 2784 cautione

315 2841 569 2907 semper
601 2841 763 2906 opus
801 2819 948 2898 erit,
980 2840 1062 2881 ne
1087 2817 1302 2881 aliena
1321 2817 1391 2881 in
1413 2816 1627 2903 legem
1649 2818 2041 2901 inferamus3
2073 2817 2355 2883 maxime
2380 2829 2601 2884 autem

311 2922 428 2987 ubi
471 2922 552 2985 de
605 2921 959 2986 verborum
1011 2919 1400 3005 antiquitate
1453 2920 1749 3006 quaestio
1806 2920 2221 3007 proponitur,
2277 2921 2598 3004 Ciceroni,

312 3022 531 3105 FestO,
565 3020 780 3087 Gellio
812 3020 1250 3107 posthabendi
1279 3030 1472 3086 erunt
1492 3023 1921 3106 Digestorum
1943 3021 2323 3106 auctores.¹)
2368 3021 2600 3109 Neque

315 3125 489 3189 e'nim
532 3146 784 3205 vereor,
836 3144 918 3187 ne
959 3123 1103 3210 quis
1137 3123 1443 3190 obvertat
1473 3123 1655 3209 apud
1684 3124 2042 3189 Auctorem
2081 3125 2165 3187 ad
2194 3122 2599 3188 Herennium

316 3247 482 3311 quae
515 3247 598 3289 ex
625 3222 772 3310 lege
803 3224 1155 3290 afferantur
1186 3225 1221 3289 I
1254 3226 1354 3307 13,
1386 3225 1469 3290 23
1517 3226 1612 3309 (et
1655 3225 1810 3289 inde
1840 3225 2018 3311 apud
2048 3224 2428 3291 Ciceronem
2458 3228 2597 3291 eius

312 3314 714 3392 imitatorem
744 3325 824 3390 de
854 3318 1103 3391 inv‘ent.
1137 3326 1208 3391 II
1237 3326 1341 3408 50,
1378 3325 1554 3411 148),
1599 3348 1679 3391 ea
1707 3324 1911 3391 multo
1944 3326 2389 3394 emendatiora
2419 3327 2597 3393 exhi·
2710 3359 2715 3364 ·

310 3427 454 3495 beri
509 3451 550 3493 a
601 3428 768 3494 Graio
819 3426 1102 3515 Ulpiano
1160 3426 1388 3493 Paullo
1441 3427 1805 3515 Pomponio
1858 3429 2059 3516 (Ta-b.
2103 3430 2164 3493 V
2202 3429 2272 3501 3,
2314 3430 2389 3512 4,
2431 3430 2499 3515 5)
2518 3431 2594 3518 2).

449 3600 490 3666 ¹)
528 3602 617 3651 Ita
653 3602 825 3653 Gaius
860 3601 958 3652 ubi
992 3600 1059 3652 de
1095 3601 1232 3651 furti
1268 3602 1595 3667 quaestione
1632 3616 1755 3653 cum
1789 3600 1953 3652 lance
1991 3604 2049 3652 et
2082 3601 2255 3653 licio
2301 3605 2421 3668 agit
2454 3603 2596 3655 Inst.

311 3686 395 3737 111
423 3688 520 3737 193
556 3684 878 3737 ‘linteum’
918 3688 1082 3751 quasi
1117 3688 1176 3737 in
1210 3687 1338 3753 lege
1377 3689 1530 3737 extet
1564 3688 1989 3753 interpretatum
2028 3688 2175 3753 ‘quid
2204 3688 2275 3737 sit
2307 3695 2471 3739 autem
2504 3692 2596 3740 lin·

313 3779 441 3822 teum
487 3773 764 3837 quaesitum
805 3781 912 3829 est:
948 3774 1046 3824 sed
1083 3774 1251 3823 verius
1287 3778 1366 3823 est
1399 3775 1599 3823 consuti
1638 3788 1795 3839 qenus
1840 3776 1979 3823 esse’
2020 3788 2065 3826 6,
2106 3788 2155 3836 q.
2193 3788 2236 3822 s.
2285 3773 2429 3838 quod
2471 3790 2591 3825 voc.

313 3860 409 3905 ‘an
443 3856 501 3906 in
536 3858 643 3911 XII
677 3858 886 3908 tabulis
921 3859 1190 3925 scriptum
1224 3872 1334 3908 non
1370 3857 1561 3909 fuerit'
1598 3858 1718 3909 sine
1756 3873 1957 3909 caussa
1990 3856 2209 3907 dubitat
2242 3858 2593 3924 Handjeryus

313 3939 474 3991 Obss.
512 3941 580 3992 (16
617 3943 780 3993 furtis
815 3941 993 4009 (Lips.
1030 3944 1194 4007 1857),
1219 3959 1271 4009 p.
1312 3945 1393 3993 16.
1452 3944 1525 3995 cf.
1560 3942 1771 3994 Paulus
1806 3959 1874 3994 ex
1908 3944 2082 3995 Festo
2118 3960 2171 4009 p.
2211 3946 2308 3995 177
2343 3943 2419 3993 Μ.
2468 3943 2594 3995 Gel-

310 4024 419 4076 lius
453 4026 519 4075 N.
555 4026 620 4079 A.
657 4028 738 4082 XI
775 4030 855 4089 18,
889 4030 942 4082 9.
979 4030 1110 4082 XVI
1145 4030 1227 4092 10,
1263 4030 1314 4081 8.

444 4109 490 4174 ²)
525 4111 594 4160 In
627 4112 751 4179 1636
775 4115 826 4166 V
848 4118 881 4165 3
918 4115 1134 4180 quidem
1160 4113 1459 4165 conciliare
1481 4118 1718 4181 utraque
1742 4114 2061 4167 testimonia
2084 4117 2213 4180 post
2232 4112 2592 4167 Heineccium

311 4194 562 4259 aliosque
600 4198 746 4263 apud
780 4200 1052 4251 Merulam
1095 4198 1438 4266 significatos
1483 4199 1677 4251 subtili
1720 4200 2096 4264 disputatione
2132 4200 2343 4261 studuit
2376 4201 2591 4263 Husch-

309 4280 436 4331 kius
469 4281 610 4335 Mus.
635 4283 788 4335 rhen.
815 4286 919 4338 iur.
937 4286 1044 4337 VII
1065 4287 1132 4337 59
1156 4300 1276 4352 sqq.
1315 4300 1350 4335 a
1383 4286 1605 4336 rhetore
1642 4292 1699 4337 et
1723 4285 1991 4337 Cicerone
2027 4285 2343 4337 ‘familiam’
2379 4270 2605 4337 mutuass

253 4358 262 4365 ’
311 4370 424 4431 tus,
472 4368 768 4424 ‘tutelam’
815 4371 884 4423 ab
929 4372 1171 4442 Ulpiano
1220 4376 1276 4425 et
1318 4371 1549 4429 Paullo:
1604 4374 1829 4433 tametsi
1872 4373 2016 4429 idem
2062 4372 2205 4439 (not.
2250 4370 2321 4423 ad
2362 4371 2588 4443 Ulpian.
