3016 4888
557 320 651 367 DE
695 316 1082 366 VETERIBVS
1129 316 1230 362 XII
1274 316 1700 367 TABVLARVM
1745 294 2318 367 INTERPR'ETIBVS.
2500 305 2584 369 23

274 474 488 538 datur
518 471 693 557 quod
723 470 1109 537 Huschkius
1142 471 1330 557 ponit
1360 474 1603 535 ‘librum
1622 477 1849 551 populo
1873 474 2127 535 dedisse’
2159 493 2307 535 eum
2328 479 2582 537 tantum

277 574 424 639 dici
480 595 672 660 posse
724 573 836 659 qui
890 571 1197 638 collectas
1252 572 1323 635 in
1361 571 1700 658 publicum
1742 595 1933 637 usum
1972 572 2292 638 formulas
2335 574 2405 637 in
2433 574 2580 641 foro

276 676 725 763 proposuerit.
784 674 993 739 Immo
1033 676 1329 739 iunctum
1367 674 1735 740 membrum
1767 681 1924 739 ‘.etl
1947 696 2014 754 p.
2048 679 2105 739 d.
2111 681 2131 709 '
2163 674 2462 741 indicare
2484 697 2536 742 v
2603 713 2648 761 4³.

290 778 492 843 detur
531 776 725 863 plura
763 776 858 841 ibi
900 777 1106 841 fuisse
1150 776 1641 862 comprehensa.
1701 776 1841 843 Nec
1870 776 2080 861 magis
2111 758 2452 863 probabile
2482 698 2608 842 εξ
2639 786 2676 821 ’-

278 880 455 964 legis
510 879 838 943 actionem
888 877 974 944 ab
1016 877 1169 942 Sex.
1215 876 1407 944 Aelio
1450 878 1554 945 bis
1599 878 1877 945 diversis
1919 876 2108 943 libris
2151 878 2581 964 compositam
2687 882 2695 887 “

280 1003 465 1046 esse:
514 981 771 1045 omnino
810 977 926 1043 illa
972 986 1187 1044 aetate
1228 978 1584 1045 admodum
1625 1002 1826 1066 parca
1864 979 1932 1044 in
1963 978 2311 1045 litterariis
2353 1002 2578 1046 monu-

284 1084 530 1147 mentis
573 1082 984 1168 proferendis
1026 1081 1145 1146 vix
1175 1078 1566 1145 crediderim
1596 1081 1724 1146 tria
1755 1080 1986 1146 similis
2018 1081 2388 1166 argumenti
2419 1084 2576 1147 scri-

281 1194 406 1270 pta
434 1184 519 1251 ab
549 1206 677 1248 uno
706 1181 967 1247 homine
998 1182 1296 1269 profecta
1324 1204 1489 1247 esse.
1533 1182 1706 1247 Nam
1735 1182 1912 1269 quod
1941 1182 2326 1247 Huschkius
2351 1184 2580 1249 statuit

284 1286 622 1372 tripertita
650 1307 784 1350 non
810 1282 1072 1371 populi,
1128 1284 1243 1349 sed
1287 1285 1409 1349 soli
1455 1284 2037 1370 iurisprudentium
2065 1285 2216 1348 usui
2248 1284 2578 1352 destinata

283 1388 495 1451 fuisse
512 1435 531 1469 ,
573 1387 644 1452 id
684 1408 895 1473 neque
931 1385 1063 1451 ullo
1102 1386 1343 1453 indicio
1377 1386 1676 1464 firmatur
1702 1407 1912 1471 neque
1943 1387 2104 1451 satis
2133 1384 2308 1450 illius
2339 1388 2576 1451 aetatis

288 1488 585 1553 moribus
615 1486 990 1574 respondet.
1047 1488 1347 1575 Denique
1376 1512 1459 1553 ne
1490 1487 1786 1555 offendas
1817 1487 1888 1550 in
1919 1487 2064 1573 ipsa
2085 1486 2424 1552 titulorum
2447 1486 2576 1551 dis-

284 1590 663 1675 crepantia,
710 1588 915 1655 altero
948 1589 1087 1654 loco
1120 1598 1251 1653 est:
1300 1596 1431 1667 ‘qui
1454 1594 1913 1655 inscribitur
1942 1594 2290 1672 tripertita',
2334 1587 2571 1655 altero:

282 1697 417 1770 ‘qui
444 1696 891 1770 appellatur
920 1697 1012 1757 ius
1039 1694 1403 1755 Aelianum':
1434 1713 1665 1777 nempe
1696 1691 1894 1756 talem
1922 1713 2055 1756 non
2077 1691 2162 1758 ab
2185 1692 2331 1777 ipso
2357 1697 2575 1755 aucto-

288 1816 363 1857 re
402 1792 773 1879 profectam
813 1792 1019 1857 fuisse
1058 1793 1581 1880 inscriptionem,
1627 1814 1859 1860 verum
1901 1816 1940 1857 a
1968 1792 2208 1879 populo
2241 1792 2327 1857 ad
2359 1814 2572 1857 exem-

281 1893 467 1981 plum
495 1894 656 1959 iuris
688 1894 904 1961 civilis
945 1894 1253 1962 Flaviani
1295 1895 1588 1960 effictam
1626 1904 1856 1981 sponte
1894 1903 2194 1982 apparet.
2275 1894 2380 1959 Ac
2419 1916 2574 1959 sane

284 2018 363 2061 eo
405 1997 669 2060 nomine
711 1996 949 2079 dignus
993 1996 1220 2075 videri·
1247 2006 1508 2083 poterat
1546 1998 1605 2061 is
1643 1994 1814 2061 liber
1843 1997 1958 2081 qui
1989 1996 2219 2063 ‘veluti
2250 1993 2576 2061 cunabula

284 2096 475 2161 iuris’
520 2095 979 2183 continebat.¹)
1042 2098 1235 2177 Quod
1278 2105 1497 2162 autem
1535 2096 1932 2181 Pomponius
1975 2098 2192 2182 priore
2235 2098 2376 2164 loco
2418 2096 2572 2163 alte-

282 2221 430 2263 rum
461 2196 725 2263 titulum
754 2221 887 2264 non
916 2198 1204 2263 addidit:
1238 2190 1373 2263 non
1402 2207 1503 2264 est
1531 2206 1717 2263 tanta
1736 2198 1930 2263 huius
1955 2198 2294 2285 scriptoris
2318 2199 2571 2283 religi0,

186 2313 195 2319 “
281 2301 393 2388 qui
424 2302 564 2365 sine
594 2298 835 2364 iudicio
863 2300 1078 2365 fontes
1112 2300 1463 2388 exscripsit
1492 2311 1559 2368 et
1589 2300 1913 2368 turbavit:
1949 2288 2144 2387 atque
2173 2301 2400 2367 eodem
2429 2302 2573 2369 iure

286 2402 467 2468 dicas
520 2400 726 2468 altero
776 2402 916 2467 loco
965 2402 1033 2465 in
1083 2402 1400 2468 librorum
1452 2402 1607 2468 Sex.
1659 2400 1836 2483 Aelii
1882 2404 2369 2469 enumeratione
2408 2404 2570 2470 iuris
2616 2480 2622 2484 ,

286 2503 548 2570 Aeliani
579 2525 836 2591 quoque
870 2502 1184 2568 disertam
1214 2504 1614 2569 mentionem
1644 2503 2026 2568 desiderari.

451 2606 546 2671 At
588 2604 1011 2672 libidinosius
1059 2605 1257 2672 etiam
1302 2605 1395 2672 eis
1442 2605 1688 2672 abusus
1728 2615 1830 2672 est
1858 2605 2244 2672 Huschkius
2277 2597 2446 2694 quae
2474 2629 2568 2672 se-

283 2715 570 2794 quuntur
598 2706 776 2794 apud
804 2707 1239 2793 Pomponium
1268 2706 1310 2772 l.
1344 2707 1389 2773 l.
1434 2713 1720 2772 ‘eiusdem
1747 2706 1872 2772 e'sse
1899 2717 2019 2772 tres
2047 2715 2159 2771 alii
2181 2713 2324 2773 libri
2349 2714 2570 2773 dicun-

292 2823 407 2888 tur,
437 2831 583 2889 quos
613 2820 808 2874 tamen
836 2813 1075 2887 quidem
1104 2820 1329 2888 nepam
1354 2812 1614 2874 eiusdem
1642 2815 1810 2874 esse'.
1863 2809 2190 2876 Nimirum
2221 2817 2374 2874 ‘tres
2407 2809 2571 2874 alios

291 2911 523 2977 libros'
557 2919 895 2977 asseverat
922 2933 1055 2976 non
1084 2911 1213 2976 tria
1242 2911 1524 2997 scripta,
1558 2909 1675 2975 sed
1703 2912 1895 2976 unius
1927 2911 2155 2998 scripti
2185 2920 2317 2976 tres
2348 2921 2568 2997 partes

281 3011 754 3096 intellegendas
786 3035 961 3096 esse3
995 3035 1072 3078 ac
1102 3013 1310 3078 mirae
1332 3012 1857 3098 interpretationi
1878 3035 2144 3098 prorsus
2171 3012 2570 3098 singularem

282 3134 578 3178 caussam
607 3113 891 3180 addidit:
939 3114 1198 3179 etiamsi
1227 3137 1363 3181 non
1390 3114 1598 3197 idem,
1642 3115 1754 3200 qui
1782 3116 2254 3201 tripertitorum
2271 3163 2289 3196 ‚
2336 3115 2568 3180 horum
2655 3121 2660 3127 “

285 3237 542 3302 quoque
582 3212 896 3280 librorum
934 3227 1165 3281 auctor
1205 3215 1594 3300 fingeretur,
1647 3225 1866 3280 tamen
1904 3215 2172 3282 minime
2209 3215 2566 3284 verisimile
2610 3234 2616 3239 ·

281 3337 422 3380 esse
462 3316 594 3380 iam
633 3338 837 3381 unum
880 3339 963 3381 ex
1002 3317 1231 3403 primis
1275 3317 1356 3382 de
1396 3316 1558 3382 iuris
1599 3317 1874 3382 scientia
1915 3318 2344 3404 scriptoribus
2373 3339 2564 3402 argu-

280 3427 565 3508 mentum
604 3439 795 3482 suum
835 3417 1133 3504 pluribus
1177 3418 1483 3506 operibus
1527 3427 1964 3506 pertractasse
1995 3416 2086 3506 (p.
2124 3419 2297 3504 182).
2357 3419 2566 3500 Quasi

280 3540 434 3583 vero
478 3519 906 3605 suppositicia
948 3521 1195 3606 scripta
1235 3520 1389 3607 quia
1418 3521 1544 3588 sub
1574 3520 1816 3587 illustri
1845 3519 1912 3586 S.
1943 3520 2118 3586 Aelii
2145 3521 2407 3588 nomine
2435 3521 2563 3586 fer-

411 3757 451 3825 1)
489 3761 822 3826 Pomponius
868 3773 1035 3824 quum
1070 3761 1100 3821 ξ
1135 3763 1167 3810 2
1206 3764 1261 3810 et
1298 3763 1327 3812 7
1366 3759 1636 3811 eiusmodi
1674 3761 2110 3826 appellationem
2154 3759 2282 3811 inde
2327 3761 2562 3811 maxime

279 3847 579 3910 repeteret,
617 3845 877 3908 quoniam
916 3849 1173 3895 auctores
1209 3845 1349 3895 nihil
1375 3843 1443 3896 de
1468 3860 1568 3896 suo
1599 3845 1908 3896 adiecerint
1941 3846 2162 3910 legibus
2196 3846 2289 3897 vel
2325 3847 2562 3896 actioni-

279 3929 378 3979 bus
416 3929 693 3994 collectis,
734 3943 929 3994 parum
974 3944 1091 3979 rem
1138 3945 1245 3980 acu
1290 3930 1493 3996 tetigit.
1566 3928 1676 3981 Sed
1723 3929 1866 3994 quod
1901 3929 2046 3980 idem
2084 3936 2100 3962 ‘
2112 3931 2198 3982 ius
2233 3931 2559 3981 Aelianum’

282 4010 608 4076 simpliciter
644 4013 921 4081 appellat,
961 4029 1085 4064 cum
1133 4019 1302 4065 antea
1348 4015 1435 4066 ius
1482 4015 1693 4066 civile
1742 4019 1798 4065 et
1841 4014 2173 4065 Flavianum
2218 4019 2275 4065 et
2307 4015 2560 4082 Papiria-

281 4112 405 4147 num
442 4099 747 4162 notaverit,
783 4098 841 4148 id
877 4100 1148 4150 neminem
1194 4100 1387 4166 opinor
1431 4099 1628 4150 mirum
1663 4100 1918 4151 habebit:
1965 4103 2026 4150 ut
2059 4099 2339 4150 Huschkii
2385 4099 2560 4165 expli-

284 4182 499 4232 catione
535 4197 657 4232 meo
706 4182 923 4249 quidem
968 4185 1265 4236 intellectu
1308 4184 1624 4236 difficiliore
1660 4200 1711 4251 p.
1754 4187 1852 4236 180
1896 4184 2044 4235 haud
2088 4187 2322 4250 gravate
2368 4197 2558 4235 carere

277 4266 563 4332 possimus.
628 4267 750 4319 Non
794 4269 999 4320 maiore
1046 4270 1168 4320 iure
1206 4267 1528 4322 Huschkius
1575 4271 1648 4320 ad
1687 4271 1860 4322 verba
1901 4272 2082 4321 ‘veluti
2115 4269 2364 4320 cunabula
2398 4269 2556 4318 iuris-²

282 4349 402 4402 addi
440 4351 658 4408 <civili-5³
696 4351 853 4404 iubet
888 4369 940 4418 p.
978 4353 1089 4405 181.
