3016 4888
377 266 459 331 10
1236 282 1460 333 GAPVT
1501 285 1800 335 muravit.

373 435 617 505 illustri
645 436 963 522 magistro
1006 436 1363 524 discipulus
1407 438 1728 505 illustrior
1756 438 1848 503 Μ.
1883 440 2234 507 Terentius
2265 441 2477 509 Varro
2495 443 2574 527 ¹),
2627 467 2676 509 a

376 560 503 625 quo
550 537 719 605 banc
760 560 1017 626 quoque
1062 538 1453 627 disciplinae
1494 550 1752 628 partem
1793 541 2067 607 mirifice
2107 553 2372 609 auctam
2411 566 2558 611 esse
2601 556 2673 613 et

374 648 882 705 consentaneum
924 651 1027 707 est
1067 650 1133 707 et
1172 664 1257 707 ex
1296 641 1482 709 libris
1526 644 1666 707 eius
1711 644 1872 708 satis
1915 652 2202 728 constat3
2258 647 2466 712 secuti
2511 656 2671 712 sunt

372 740 489 805 alii
518 740 885 828 complures
915 765 1123 830 usque
1152 743 1238 809 ad
1270 744 1560 831 Augusti
1589 753 1874 813 aetatem
1889 746 1980 831 ²),
2031 756 2110 811 ut
2147 744 2418 813 Servius
2451 746 2669 835 Sulpi-

320 918 325 924 ·
376 842 516 907 cius
566 842 783 911 Rufus
796 892 815 925 ,
873 844 951 910 L.
1008 843 1274 911 Cincius
1287 893 1305 927 ,
1364 845 1676 913 Aurelius
1729 846 1988 933 Opilius
2003 896 2020 930 ,
2084 847 2350 913 Sinnius
2405 848 2668 936 Capite,

370 944 609 1010 Ateius
642 944 878 1031 Capito
895 994 914 1029 ,
956 947 1289 1013 Antistius
1316 947 1542 1014 Labeo
1559 996 1578 1030 ,
1610 946 1838 1013 Aelius
1869 948 2140 1033 Gallus,
2173 950 2450 1025 Verrius
2479 952 2668 1019 Flac-

375 1067 527 1130 cus,
558 1046 675 1115 alii
707 1083 778 1097 ·-—
817 1070 981 1135 quos
1010 1048 1357 1137 plerosque
1386 1069 1516 1114 non
1546 1051 1798 1116 minore
1827 1052 1970 1116 iure
1993 1052 2438 1137 grammaticis
2463 1053 2670 1119 adnu-

377 1170 588 1217 meres
633 1158 831 1237 atque
873 1150 1401 1235 iureconsultis3)
1438 1176 1545 1215 -ε
1601 1148 1713 1237 qui
1751 1176 1869 1240 pro
1891 1176 1982 1224 ,se
2025 1156 2298 1241 quisque
2342 1154 2544 1221 etiam
2577 1152 2672 1221 dd

374 1250 539 1334 legis
581 1251 921 1319 scientiam
962 1254 1223 1339 penitus
1264 1252 1694 1318 hauriendam
1735 1253 1988 1340 aliquid
2029 1254 2462 1323 contulerunt.
2536 1254 2676 1323 Sed

384 1352 469 1417 ab
516 1353 611 1417 eis
629 1399 650 1435 ‚
702 1353 818 1441 qui
858 1355 1117 1421 omnino
1158 1354 1229 1419 in
1270 1354 1486 1439 legem
1525 1354 2038 1442 inquisiverunt,
2087 1367 2394 1423 accurate
2425 1357 2670 1423 discer-

382 1452 585 1517 nendi
614 1463 787 1539 sunt,
838 1458 953 1543 qui
982 1456 1208 1521 dedita
1238 1478 1438 1543 opera
1468 1479 1612 1522 eam
1644 1459 2132 1524 commentariis
2180 1460 2670 1525 instruxerunt:

374 1555 551 1641 quod
585 1554 945 1634 ,discrimen
988 1580 1185 1645 saepe
1233 1580 1466 1645 parum
1508 1560 1932 1625 observatum
1981 1561 2157 1625 infra
2204 1558 2667 1641 illustrabitur,

379 1655 497 1723 ubi
526 1656 609 1721 de
639 1658 801 1743 ipsis
834 1660 977 1725 XII
1004 1659 1375 1726 tabularum
1404 1661 1876 1747 interpretibus
1907 1663 2100 1748 plura
2128 1684 2474 1749 exponam.

546 1758 834 1825 Istorum
850 1784 1005 1827 vero
1018 1762 1596 1847 grammaticorum
1619 1784 1857 1847 operae
1880 1784 1957 1827 ac
1983 1764 2302 1830 beneficio
2325 1772 2671 1849 acceptum

378 1859 797 1927 referendum
804 1860 947 1945 ἥξει,
980 1862 1164 1949 quod
1184 1885 1317 1928 non
1344 1862 1907 1951 solum-quidquid
1937 1866 2140 1952 prisci
2169 1864 2406 1933 coloris
2433 1866 2506 1930 in
2525 1863 2674 1949 lege

378 1960 721 2028 etiamtum
763 1963 1102 2030 resederat
1144 1973 1606 2031 conservatum
1637 1975 1738 2030 est
1766 1964 2103 2053 multaque
2134 1964 2470 2051 intellectu
2497 1964 2672 2029 diffi-

320 2074 329 2080 ‘
381 2060 611 2127 ciliora
637 2063 805 2131 bene
828 2065 1148 2148 enodata,
1196 2064 1313 2131 sed
1358 2067 1537 2153 quod
1567 2066 1834 2133 omnino
1865 2066 2228 2154 deperditis
2250 2066 2424 2163 ‚legis
2457 2088 2670 2133 exem-

376 2164 975 2257 plaribus4ffliquot
1022 2167 1257 2233 saltem
1309 2167 1683 2252 fragmenta
1729 2176 1956 2232 nostra
2014 2166 2279 2233 saecula
2335 2168 2670 2234 viderunt.

378 2266 551 2331 Nam
602 2277 923 2356 quotquot
946 2291 1143 2335 -nunc
1202 2278 1556 2353 supersunt
1605 2268 1748 2332 XII
1794 2266 2168 2334 tabularum
2225 2268 2434 2334 verba
2493 2267 2671 2355 apud

382 2368 735 2456 scriptores
766 2380 1023 2439 veteres
1053 2369 1161 2435 hic
1190 2368 1718 2454 illic-recondita,
1751 2392 1828 2439 ea
1851 2370 1936 2438 ab
1959 2368 2090 2433 illis
2115 2367 2428 2457 pleraque
2451 2369 2674 2435 omnia

289 2511 293 2516 -
380 2470 773 2538 descendere
816 2475 1049 2562 quovis
1091 2475 1367 2560 pignore
1410 2474 1875 2539 contenderim.
1938 2472 2132 2555 Quod
2175 2473 2346 2538 utin
2375 2471 2669 2559 reliquiis

380 2569 561 2660 apud
588 2573 860 2640 Festum
889 2574 1150 2640 traditis
1186 2584 1417 2660 sponte
1446 2573 1660 2640 elucet
1673 2621 1692 2656 ,
1733 2575 1829 2640 ita
1868 2574 2048 2640 cadit
2091 2575 2290 2639 etiam
2321 2574 2391 2638 in
2417 2585 2666 2640 ceteras

326 2758 335 2765 ο
378 2673 487 2741 vel
526 2675 703 2762 apud
746 2675 1071 2743 litteratos
1116 2675 1410 2740 homines
1461 2683 1537 2740 ut
1573 2671 1860 2741 Plinium
1902 2673 2178 2742 Gellium
2221 2675 2522 2741 Servium
2563 2671 2671 2738 vel

380 2776 556 2862 apud
585 2778 1061 2844 iureconsultos
1094 2787 1411 2844 servatas.
1489 2774 1661 2840 Nam
1691 2799 1858 2863 quae
1899 2776 2030 2842 fuit
2057 2777 2462 2864 insequentis
2494 2785 2667 2840 aeta-

379 2876 465 2942 tis
508 2876 760 2944 indoles
778 2927 797 2962 ,
844 2880 1194 2965 scriptores
1236 2878 1305 2940 in
1348 2877 1540 2943 varia
1578 2877 1888 2942 scientiae
1919 2879 2194 2943 materia
2223 2876 2672 2943 coacervanda

380 3000 459 3043 ac
516 2978 927 3065 disponenda
983 2979 1282 3066 occupati
1343 2967 1730 3043 sementem.
1771 2999 1812 3073 a
1883 2977 2214 3062 prioribus
2289 2977 2668 3042 auctoribus

518 3219 562 3284 ¹)
600 3221 672 3271 cf.
712 3219 907 3272 Cicero
943 3219 1097 3270 Brut.
1137 3221 1221 3283 56,
1256 3221 1376 3270 205.

514 3303 557 3368 ²)
596 3304 835 3370 Augusti
878 3307 1067 3356 aetate
1113 3296 1277 3368 quam
1326 3303 1536 3354 fuerint
1581 3307 1818 3370 accepta
1868 3301 2010 3354 haec
2069 3301 2254 3353 studia
2298 3301 2550 3352 novimus
2598 3315 2665 3351 ex

381 3389 606 3440 Horatii
640 3390 711 3444 ad
745 3391 1053 3456 Augustum
1090 3388 1333 3454 epistula
1368 3388 1425 3441 11
1462 3390 1507 3449 1,
1549 3390 1615 3439 23
1653 3403 1735 3452 sq.

585 3475 674 3526 Sic
690 3477 885 3542 fautor
916 3479 1137 3528 veterum
1174 3471 1273 3537 (sc.
1311 3471 1598 3538 populus),
1634 3480 1690 3524 ut
1725 3473 1922 3523 tabulas
1956 3489 2175 3537 peccare
2209 3478 2468 3530 vetantes,

586 3559 721 3620 Quas
756 3561 833 3612 bis
869 3562 1085 3627 quinque
1119 3561 1219 3610 viri
1248 3566 1562 3616 sanxerunt,
1597 3559 1822 3622 foedera
1853 3574 2028 3624 regum

594 3647 692 3697 Vel
728 3647 901 3700 Gabiis
934 3649 1015 3696 vel
1046 3661 1155 3696 cum
1186 3645 1370 3710 πηζᾳίἀίε
1405 3651 1627 3709 aequata
1662 3641 1898 3704 Sabinis,

586 3731 883 3795 Pontificum
915 3731 1099 3788 libror,
1134 3745 1331 3780 annosa
1364 3731 1616 3780 volumina
1647 3735 1814 3778 vatum

584 3815 801 3867 metiret
835 3817 1039 3868 Albano
1076 3815 1257 3867 Musas
1291 3817 1345 3864 in
1378 3821 1544 3866 monte
1581 3817 1794 3866 locutas.

386 3899 603 3951 Seneca
640 3906 803 3966 epist.
842 3901 1017 3954 CXIV
1055 3903 1117 3952 13
1162 3901 1318 3953 Multa·
1358 3916 1431 3950 ex
1466 3900 1632 3951 alieno
1666 3901 1836 3950 seculo
1878 3903 2058 3962 petunt
2101 3896 2282 3960 verba,
2321 3895 2447 3948 XII
2479 3896 2676 3946 tabulas

385 3989 680 4050 loquuntur.-
722 3987 979 4038 Gracchus
1013 3987 1114 4037 illis
1149 3993 1199 4036 et
1238 3985 1453 4036 Crassus
1487 3993 1540 4034 et
1567 3985 1716 4036 Curio
1753 3987 1896 4036 nimis
1931 3985 2054 4033 culti
2087 3989 2140 4034 et
2171 3987 2405 4032 recentes
2439 3988 2570 4041 sunt,
2607 3983 2678 4031 ad

388 4073 615 4138 Appium
648 4087 805 4138 usque
841 4079 893 4122 et
931 4071 1299 4122 Coruncarzum
1332 4071 1564 4123 redeunt.

522 4154 568 4218 3)
608 4156 681 4206 cf.
720 4156 789 4206 de
826 4155 1068 4208 Antistio
1103 4156 1369 4208 Labeone
1402 4156 1753 4221 potissimum
1791 4130 2002 4206 Gellius
2037 4151 2174 4202 XIII
2213 4153 2381 4212 10,1.
2440 4151 2674 4202 Omnino

388 4244 501 4294 ista
538 4247 723 4294 aetate
760 4243 866 4294 hae
904 4241 1173 4294 scientiae
1210 4257 1318 4294 non
1341 4245 1458 4295 tum
1483 4242 1654 4292 certis
1677 4239 1879 4292 finibus
1902 4239 2050 4330 inter
2073 4253 2134 4290 se
2160 4237 2470 4290 disiunctae
2499 4239 2674 4288 erant.

390 4325 462 4379 cf.
500 4328 842 4383 Mercklinus
876 4329 936 4378 in
904 4325 1257 4437 ‘Philologo
1293 4327 1423 4379 XVI
1462 4328 1559 4377 168
1597 4341 1720 4393 sqq.
