3016 4888
444 462 703 529 rentur,
758 450 906 515 ideo
958 448 1186 515 statim
1236 446 1440 511 aetati
1478 442 1655 509 Aelii
1699 442 2137 509 adscribenda
2177 454 2414 511 essent.
2474 444 2756 509 Verum

438 554 745 642 cupidius
788 550 913 617 hoc
955 548 1316 636 praeripuit
1358 545 1778 628 Huschkius,
1832 568 1980 611 cum
2021 546 2176 611 inde
2216 546 2486 633 probari
2529 547 2756 613 vellet

438 657 557 723 hos
617 655 821 721 libros
880 663 1014 719 tres
1075 651 1338 716 eosdem
1379 670 1526 713 esse
1567 646 1635 712 S.
1677 646 1855 713 Aelii
1899 650 2512 715 commentarios
2559 672 2750 735 quos

437 758 515 823 P.·
559 756 837 821 Crassus
882 755 1045 819 citat
1092 752 1268 839 apud
1311 752 1692 816 Ciceronem
1719 748 1763 813 l.
1796 749 1840 813 1.
1902 750 2088 833 Quae
2127 773 2234 815 res
2271 752 2470 816 etiam
2511 752 2569 815 si
2597 750 2745 817 lar-

437 860 696 945 giamur
739 857 821 922 de
864 856 1077 921 tribus
1121 852 1735 918 commentariorum
1773 851 1960 917 libris
1993 853 2282 939 cogitare
2311 875 2504 940 posse
2535 854 2744 919 Pom·-

439 960 739 1047 ponium,
795 956 1223 1023 fundamento
1262 954 1438 1021 omni
1482 954 1864 1019 destituitur
1904 956 2078 1040 quod
2108 978 2193 1019 ex
2223 956 2519 1021 eiusdem
2548 957 2742 1021 testi-

440 1062 659 1129 monio
691 1060 772 1125 de
802 1050 934 1125 fide
962 1057 1226 1124 illorum
1254 1057 1572 1123 librorum
1609 1056 1789 1121 haud
1832 1057 2186 1141 constat¹):
2244 1080 2390 1122 cum
2431 1059 2512 1123 de
2553 1080 2740 1123 com-

440 1163 781 1229 mentariis
812 1183 969 1226 sane
999 1159 1176 1246 apud
1208 1158 1589 1225 Ciceronem
1619 1158 1922 1225 dubitare
1950 1181 2080 1225 non
2107 1157 2323 1225 liceat.
2381 1160 2558 1241 Quin
2585 1182 2740 1246 per-

442 1287 639 1353 quam
666 1273 820 1351 apte
852 1261 1131 1349 simplex
1160 1270 1225 1327 et
1254 1283 1596 1327 commune
1625 1262 2238 1327 commentariorum
2266 1283 2502 1329 nomen
2531 1263 2737 1326 etiam

442 1366 788 1453 tripertitis
832 1364 1167 1432 convenit:
1224 1363 1398 1451 quod
1445 1363 1843 1429 adiectivum
1881 1385 1922 1427 a
1962 1364 2320 1450 Pomponio
2351 1364 2525 1429 nude
2554 1364 2734 1450 posi-
2980 1302 2990 1439 1

442 1478 582 1534 tum
625 1477 741 1532 aut
779 1465 980 1533 fallor
1016 1475 1127 1531 aut
1168 1488 1210 1529 a
1251 1486 1406 1530 vero
1446 1486 1580 1529 non
1611 1464 1919 1530 abhorret
1949 1465 2032 1531 ab
2063 1466 2206 1551 ipso
2239 1464 2430 1531 Aelio
2463 1474 2736 1531 auctum
2979 1440 2990 1627 ἦ

442 1570 651 1635 fuisse
682 1569 1098 1634 substantivo
1130 1572 1577 1633 ‘commentaria
1607 1572 1958 1647 tripartita'.
2987 1640 2989 1647 .

609 1670 1177 1756 Interpretationis
1200 1679 1441 1753 autem,
1467 1691 1634 1756 quae
1651 1668 1779 1734 fuit
1796 1690 1949 1755 pars
1978 1669 2468 1757 tripertitorum,
2492 1690 2736 1755 parum

2982 534 2989 855 1

2982 902 2989 1229 ³

443 1770 796 1837 dilucidam
839 1771 1190 1857 imaginem
1228 1771 1435 1837 ferme
1478 1770 1858 1836 adumbrari
1903 1770 2123 1837 ¹video.
2198 1768 2508 1854 Vulgaris
2557 1772 2735 1839 enim

579 2042 622 2108 1)
650 2044 871 2095 Certam
898 2047 1016 2095 eius
1039 2045 1123 2094 rei
1148 2060 1399 2095 caussam
1424 2043 1848 2111 significandam
1872 2044 2110 2095 obtrusit
2134 2044 2433 2110 Pomponio
2457 2045 2740 2095 Huschkii

442 2144 665 2179 manus:
704 2130 798 2194 qui
835 2129 1180 2181 enuntiatum
1228 2128 1373 2193 quod
1418 2128 1670 2193 sequitur
1719 2132 1908 2193 aperte
1957 2133 2268 2194 corruptum
2316 2130 2463 2181 ‘Hos
2507 2136 2740 2180 sectatus

443 2216 516 2265 ad
547 2215 744 2280 aliquid
776 2222 856 2265 est
892 2215 1033 2265 Caio.
1105 2214 1305 2263 Deinde
1340 2213 1419 2262 M.
1460 2213 1620 2263 Gato’
1649 2249 1660 2260 .
1691 2248 1704 2261 .
1733 2248 1745 2263 .
1782 2214 2057 2277 prioribus
2093 2214 2273 2263 iunxit
2307 2216 2416 2264 ita:
2455 2220 2615 2279 ‘quos
2649 2222 2735 2264 ta-

443 2316 553 2367 men
589 2300 790 2363 quidam
827 2304 1013 2361 neqant
1048 2298 1273 2346 eiusdem
1306 2311 1442 2355 esse,
1480 2296 1597 2345 sed
1627 2296 1720 2347 hos
1758 2299 1999 2349 sectati
2041 2299 2112 2349 ad
2155 2300 2350 2365 aliquid
2385 2300 2532 2349 Aeli
2568 2298 2734 2349 Gaii.

444 2383 644 2432 Deinde
681 2382 760 2432 M.
800 2382 947 2432 δαίθ’
978 2418 990 2430 .
1019 2417 1029 2429 .
1061 2399 1103 2437 .,·
1138 2395 1193 2447 p.
1222 2381 1317 2431 183
1358 2395 1438 2446 sq.
1478 2395 1547 2429 ne
1583 2380 1692 2431 hac
1731 2381 1948 2447 quidem
1984 2382 2042 2433 in
2079 2398 2137 2432 re
2173 2384 2426 2450 privatus
2463 2381 2737 2433 Rudorffii

446 2482 695 2518 assensu.
744 2467 817 2517 At
852 2481 1033 2531 neque
1068 2449 1563 2531 propter'formam
1599 2468 1862 2517 ‘eiusdem’
1901 2481 2010 2530 qua
2047 2468 2422 2518 tantummodo
2463 2468 2739 2533 excipitur

444 2555 598 2618 prius
634 2553 895 2601 ‘eiusdem’
932 2552 1016 2600 ita
1052 2553 1299 2616 grassari
1333 2551 1501 2613 licet,
1542 2555 1598 2601 et
1633 2566 1806 2601 novus
1841 2551 1939 2601 ille
1980 2552 2227 2616 quisquis
2265 2553 2374 2603 fuit
2408 2552 2600 2602 Aelius’
2627 2549 2736 2602 Ca-

447 2641 535 2685 tus
571 2635 763 2685 debuit
799 2635 999 2684 saltem
1034 2633 1241 2684 diserte
1280 2634 1469 2684 ‘alius’
1506 2633 1835 2698 praedicari.
1905 2633 2143 2684 Accedit
2179 2637 2324 2699 quod
2362 2636 2490 2686 Cati
2529 2651 2734 2702 cogno-

445 2735 571 2772 men
605 2718 941 2785 Pomponius
972 2721 1147 2769 ‘antea
1183 2733 1253 2768 ne
1289 2719 1459 2770 verbo
1499 2718 1720 2782 quidem
1757 2717 1973 2784 attigitz
2018 2718 2226 2768 inferre
2263 2719 2483 2782 quidem
2516 2721 2736 2771 Husch-

446 2804 572 2855 kius
611 2818 777 2854 ausus
816 2807 927 2866 est,
967 2819 1033 2853 ex
1055 2803 1367 2854 Florentini
1404 2803 1523 2856 cod.
1559 2803 1835 2868 scriptura
1871 2802 2019 2853 ‘Sem
2059 2803 2276 2854 Caelius’
2315 2801 2550 2854 eliciens
2581 2804 2738 2860 ‘Sena

452 2889 639 2938 Catus
674 2887 874 2936 Aelius’
914 2886 997 2951 (p.
1039 2886 1168 2947 178)
1206 2901 1430 2951 prorsus
1476 2887 1733 2938 inaudita
1781 2886 2148 2938 collocatione
2189 2892 2354 2955 atque
2393 2904 2534 2954 quae
2571 2887 2738 2940 dissi-

447 2971 695 3021 millimis
751 2971 961 3020 Balbus
1015 2969 1295 3030 Lucilius,
1351 2968 1543 3018 Labeo
1598 2970 1871 3020 Antistius
1928 2975 2032 3022 etc.
2100 2973 2322 3024 minime
2383 2971 2736 3024 defendatur.

450 3055 685 3105 Omnino
723 3055 929 3103 frustra
966 3052 1262 3117 quidquam
1300 3051 1516 3102 efficias
1555 3068 1622 3102 ex
1665 3053 1775 3102 isto
1810 3055 1948 3104 vitio
1984 3041 2203 3121 vulgari
2239 3057 2296 3106 in
2334 3055 2585 3107 codicum
2621 3074 2736 3108 me·

448 3139 621 3190 moria
669 3138 764 3200 (cf.
811 3137 1232 3186 Kaemmererus
1280 3136 1441 3186 obse.
1487 3137 1592 3188 iur.
1643 3137 1746 3187 civ.
1795 3153 1846 3201 p.
1887 3137 1916 3186 1
1961 3138 2026 3190 de
2071 3140 2191 3189 vita
2239 3140 2294 3195 S.
2335 3135 2571 3192 Caecilii
2614 3141 2736 3192 ICti
2985 3185 2987 3194 .

449 3241 503 3288 p.
542 3226 625 3274 32.
663 3224 747 3272 45.
786 3221 853 3271 48
889 3235 941 3270 n.
981 3219 1098 3284 26)=
1134 3223 1198 3270 ut
1233 3219 1401 3270 simili
1435 3220 1594 3270 modo
1629 3222 1758 3287 Dig.
1797 3225 1880 3284 33,
1919 3225 1968 3282 9,
2007 3226 2040 3274 3
2075 3225 2106 3285 ἓ
2143 3227 2176 3276 9
2211 3225 2338 3280 Sex.
2379 3226 2737 3278 Caecilius
2982 3253 2987 3320 ι

454 3307 746 3357 exhibetur
790 3320 887 3370 pro
935 3303 1061 3354 Sex.
1097 3304 1325 3370 Aeli0‚
1376 3305 1519 3368 quod
1564 3321 1760 3356 nomen
1807 3322 1873 3358 ex
1923 3307 2105 3360 Gellio
2141 3310 2206 3360 N.
2241 3311 2309 3364 A.
2345 3311 2423 3362 IV
2461 3313 2518 3373 1,
2555 3313 2622 3362 20
2667 3310 2736 3362 de

456 3391 650 3440 eadem
696 3405 756 3440 re
787 3387 1047 3452 'tradente
1086 3388 1485 3439 restituendum
1523 3394 1635 3440 est:
1683 3392 1779 3441 uhi
1813 3393 1974 3456 gravi
2022 3409 2203 3444 errore
2239 3395 2286 3448 I.
2321 3395 2383 3446 F.
2425 3394 2737 3446 Gronovius

452 3472 694 3523 Gellium
732 3489 800 3522 ex
835 3473 1084 3537 Digestis
1124 3473 1398 3538 corrigere
1434 3473 1656 3536 maluit,
1698 3475 1920 3526 scilicet
1945 3477 2196 3528 Servium
2235 3478 2536 3543 Sulpicium
2581 3483 2736 3529 ratus
2981 3441 2987 3574 Ι

452 3557 738 3609 Ciceronis
785 3555 1073 3619 aequalem
1112 3556 1234 3611 Sex.
1276 3557 1514 3614 Caecilii
1549 3559 1785 3610 celebris
1831 3559 2119 3612 Hadriano
2164 3567 2434 3628 regnante
2469 3561 2592 3614 ICti
2637 3563 2734 3626 (cf.

452 3640 668 3691 Gellius
704 3640 809 3690 XX
847 3637 897 3702 1)
936 3637 1151 3704 placita
1186 3640 1395 3692 referre
1432 3644 1700 3706 potuisse.
1735 3668 1805 3680 --
1838 3644 1919 3695 Ac
1966 3645 2199 3696 latuisse
2246 3647 2467 3698 videtur
2499 3649 2734 3712 Pompo-

449 3725 602 3775 nium
636 3723 792 3774 illius
831 3723 1171 3788 cognominis
1214 3725 1387 3776 ratio:
1434 3727 1548 3796 qui„
1575 3729 1900 3792 ceteroquin
1946 3745 2009 3779 eo
2055 3745 2166 3780 non
2201 3733 2379 3782 minus
2416 3747 2547 3782 usus
2586 3738 2738 3784 esset

446 3812 619 3873 atque
655 3807 685 3868 ξ
720 3809 786 3858 37
825 3805 1135 3872 Sempronii
1170 3812 1334 3874 ‘quem
1362 3813 1584 3874 populus
1618 3812 1871 3863 Romanus
1910 3810 2101 3878 (οφόν
2137 3818 2431 3880 appellavic’
2470 3820 2569 3866 aut
2603 3818 2633 3878 ξ
2669 3820 2736 3869 38
2979 3815 2986 3888 1

450 3891 614 3943 Atilii
651 3892 747 3956 qui
783 3893 997 3954 ‘primus
1032 3907 1065 3940 α
1093 3895 1286 3957 populo
1325 3893 1548 3958 Sapiens
1584 3899 1872 3961 appellatus
1909 3903 2026 3949 εει)
2063 3925 2131 3935 -
2165 3901 2284 3950 Iam
2333 3914 2395 3950 eo
2431 3900 2554 3949 loco
2589 3901 2734 3951 unde
2982 3895 2985 3944 4

450 3974 689 4040 profecti
723 3989 938 4039 sumus,
977 3974 1147 4027 ‘Cato’
1184 3978 1367 4043 priore
1404 3979 1528 4030 loco
1565 3980 1858 4032 delendum
1897 3985 1981 4032 est
2017 3982 2255 4034 fortasse
2292 3998 2360 4035 ex
2394 3983 2556 4035 titulo
2589 4000 2735 4035 mar·

453 4059 573 4124 gini
610 4058 888 4124 adscripto
925 4059 1240 4122 oriundum:
1287 4068 1351 4114 ut
1385 4078 1524 4114 sana
1570 4065 1838 4130 procedat
1871 4069 2176 4118 sententia:
2217 4068 2355 4118 ‘Hos
2397 4076 2619 4119 sectatus
2663 4072 2736 4120 ad

452 4143 646 4208 aliquid
678 4149 757 4193 est
790 4144 973 4194 deinde
996 4145 1074 4199 M.
1106 4147 1255 4211 Cato,
1290 4151 1538 4214 princeps
1570 4151 1793 4202 Porciae
1825 4151 2074 4214 familiae,
2113 4152 2253 4202 cuius
2287 4159 2339 4203 et
2372 4153 2489 4204 libri
2522 4159 2732 4210 extant,-
2761 4186 2768 4194 ·

452 4228 549 4277 sed
574 4227 795 4290 plures
828 4227 906 4277 M.
934 4229 1034 4291 fllia·
1067 4231 1197 4290 eius,
1246 4248 1317 4283 ex
1361 4234 1537 4300 quibus
1573 4237 1745 4302 eeiem'¹
1767 4237 2039 4288 oriuntur)
2110 4237 2198 4286 Ita
2236 4238 2380 4288 enim
2413 4240 2569 4287 recte
2605 4253 2720 4289 cor-

454 4311 565 4374 rigi
600 4311 668 4361 ab
704 4310 993 4364 Huschkio
1028 4329 1082 4378 p.
1111 4316 1207 4366 185
1244 4322 1376 4382 puto
1412 4321 1744 4386 scripturam
1777 4320 2042 4372 librorum
2078 4323 2195 4371 ‘sed
2219 4323 2425 4386 plurimi
2451 4323 2550 4386 filii
2583 4324 2728 4377 eius)
