3016 4888
404 334 482 397 12
1255 351 1477 400 cAPvT
1522 353 1816 402 Pmva.

400 503 798 570 incunabula
848 505 1009 569 iuris
1057 504 1220 569 nihil
1279 507 1726 573 morabantur.
1813 507 2009 573 Unde
2066 508 2265 575 ICtus
2309 512 2485 597 apud
2530 512 2677 577 Gel-

399 605 561 671 lium
590 605 763 672 XVI
796 607 893 688 10,
927 609 964 672 7
1009 608 1090 673 de
1119 630 1278 674 voce
1310 615 1719 688 ‘proletarius'
1749 618 2019 694 rogatus
2050 618 2185 689 ‘eqo
2214 620 2394 686 vero’,
2437 615 2678 702 inquit,

400 713 625 773 ‘dicere
654 722 829 788 atque
857 716 1250 790 interpretari
1274 716 1386 775 hoe
1415 715 1714 788 deberem,
1742 719 1797 775 si
1822 717 1914 776 ius
1943 716 2291 779 Faunorum
2321 728 2381 779 et
2408 721 2679 796 Aboriyi-

398 831 539 875 num
571 812 1007 901 didicissem'.¹)
1069 814 1286 899 Atque
1317 836 1444 900 quo
1475 815 1761 879 evaserit
1789 814 1915 880 iste
1946 824 2373 902 contemptus„
2410 819 2571 882 satis
2604 839 2682 883 ea

396 913 691 978 indicant
721 935 885 1000 quae
917 913 1001 979 e'x
1029 914 1376 1002 Pomponii
1395 953 1482 966 —
1503 916 1616 1002 qui
1645 917 1817 982 vixit
1844 917 2329 983 Antoninorum
2362 928 2576 984 aetate
2599 957 2682 970 --

399 1014 762 1081 enchiridio
828 1016 910 1080 de
974 1017 1228 1102 origine
1289 1017 1448 1082 iuris
1514 1019 1813 1104 exposita
1866 1020 1936 1084 in
1999 1018 2293 1105 Digestis
2351 1019 2677 1106 leguntur,

399 1117 592 1203 plena
633 1116 747 1181 illa
785 1118 1100 1184 vitiorum
1142 1129 1207 1184 et
1235 1119 1835 1206 perturbationis.²)
1894 1120 2067 1186 Hinc
2110 1131 2327 1187 autem
2368 1144 2679 1208 saepenu-

401 1241 582 1284 mero
624 1220 897 1302 accidit,
941 1231 1014 1286 ut
1053 1243 1200 1287 cum
1239 1221 1384 1306 lege
1413 1260 1496 1268 —
1529 1223 1711 1286 cuius
1752 1221 1959 1289 ferme
1999 1247 2129 1290 non
2170 1223 2245 1289 fit
2275 1225 2519 1290 mentio
2550 1223 2679 1288 nisi

398 1321 468 1384 in
496 1321 637 1386 iure
667 1323 1012 1387 etiamtum·
1041 1323 1317 1409 probato
1352 1361 1436 1370 —-
1461 1324 1555 1406 id,
1588 1324 1762 1410 quod
1792 1326 2151 1410 posteriore
2178 1326 2437 1390 demum
2464 1335 2678 1392 aetate

397 1445 480 1487 ex
530 1423 1067 1509 interpretatione
1116 1427 1536 1511 prudentium
1590 1427 1899 1510 accessit,
1952 1426 2423 1493 confundatur:
2486 1450 2679 1514 quam

394 1525 963 1611 reprehensionem
991 1550 1072 1591 ne
1105 1527 1310 1602 Gaius
1345 1529 1642 1615 quidem,
1684 1529 1796 1616 qui
1824 1526 2223 1614 peculiarem
2251 1528 2493 1595 librum
2526 1530 2679 1594 scri-

394 1627 532 1714 psit
573 1626 658 1692 ad
699 1625 912 1712 legem
952 1627 1096 1693 XII
1135 1629 1544 1713 tabularum,
1599 1631 1775 1697 omni
1818 1652 1902 1695 ex
1940 1639 2129 1718 parte
2169 1632 2426 1698 vitavit.
2508 1630 2679 1696 Nam

396 1751 563 1815 quae
583 1751 634 1794 ·a
665 1727 975 1795 Cicerone
1006 1729 1268 1796 disertis
1300 1733 1523 1798 verbis
1557 1731 2022 1817 disiunguntur
2051 1756 2114 1819 p.
2149 1732 2432 1798 Caecina
2465 1734 2564 1815 19,
2594 1733 2681 1798 54

397 1835 551 1895 ‘Lex
578 1849 748 1896 usum
776 1841 835 1896 et
861 1839 1268 1898 auctoritatem
1293 1839 1484 1911 fundi
1510 1838 1668 1898 iubet
1693 1853 1819 1898 esse
1847 1839 2183 1898 biennium:
2227 1845 2293 1898 at
2320 1841 2543 1899 utimur
2570 1855 2677 1899 6ο-

395 1939 529 1998 dem
580 1941 714 1998 iure
763 1940 825 1998 in
878 1939 1124 1999 aedibus
1174 1957 1328 2015 quae
1367 1943 1430 1999 in
1475 1943 1605 2014 leqe
1644 1955 1760 1998 non
1800 1941 2211 2015 appellantur'
2253 1944 2319 2000 et
2359 1936 2432 1999 in
2473 1937 2675 2022 Topi-

395 2034 488 2099 cis
519 2035 594 2116 4,
635 2035 719 2100 23
773 2041 1087 2112 ‘Quoniam
1129 2059 1270 2102 usus
1310 2041 1636 2102 auctoritas
1660 2041 1852 2113 fundi
1887 2039 2185 2102 biennium
2224 2049 2334 2116 est,
2387 2044 2464 2102 sit
2501 2045 2678 2102 etiam

395 2143 670 2202 aedium:
715 2147 781 2201 a't
819 2145 881 2202 in
923 2145 1052 2218 leqe
1100 2145 1280 2204 aedes
1309 2160 1426 2203 non
1457 2147 1847 2220 appellantur
1874 2151 1931 2204 et
1956 2150 2096 2205 sunt
2113 2151 2449 2205 ceterarum
2474 2160 2678 2204 rerum

397 2247 655 2304 omnium
685 2261 941 2319 quarum
971 2262 1208 2305 annuus
1233 2253 1323 2306 est
1348 2248 1538 2304 usus':
1568 2240 1797 2305 eadem
1827 2241 2050 2336 turbat
2079 2241 2282 2304 Gaius
2316 2241 2478 2305 Inst.
2500 2240 2573 2304 II
2593 2229 2679 2304 4'2

396 2347 750 2421 ‘(Usueapio
779 2351 1004 2422 autem)
1036 2347 1329 2406 mobilium
1359 2345 1595 2421 quidem
1624 2361 1828 2404 rerum
1859 2361 2020 2404 anno
2058 2349 2409 2421 completur,
2448 2347 2683 2418 fundi

395 2466 570 2510 vero
608 2456 684 2509 et
720 2449 1012 2511 aedium
1052 2450 1314 2509 biennio:
1358 2452 1538 2509 etita
1578 2452 1706 2522 leae
1735 2447 1878 2508 ΧΠ
1910 2449 2248 2509 tabularum
2278 2458 2516 2509 cautum
2544 2450 2675 2509 est)

397 2548 574 2629 Quin
615 2569 834 2612 secum
860 2550 1002 2633 ipse
1035 2556 1275 2627 certat,
1307 2570 1455 2611 cum
1484 2547 1879 2611 furtivarum
1909 2568 2123 2610 rerum
2155 2556 2220 2611 et
2248 2548 2317 2612 vi
2346 2568 2677 2633 possessa-

394 2672 540 2713 rum
581 2649 1046 2737 usucapionem
1087 2669 1205 2733 per
1244 2646 1457 2731 legem
1495 2646 1639 2711 XII
1680 2646 2055 2711 tabularum
2097 2647 2490 2733 prohibitam
2533 2672 2677 2714 esse

397 2759 647 2815 statuat
675 2750 748 2815 II
774 2750 890 2816 49:
934 2773 1084 2815 nam
1123 2750 1517 2815 furtivarum
1557 2756 1811 2812 tantum
1851 2757 2183 2813 aeternam
2222 2751 2677 2815 auctoritatem

395 2851 505 2917 lex
535 2851 677 2917 XII
719 2875 863 2917 esse
908 2852 1146 2935 voluit,
1197 2853 1268 2919 vi
1309 2872 1760 2939 possessarum
1796 2849 1907 2915 lex
1946 2848 2115 2915 Iulia
2155 2859 2220 2915 et
2259 2851 2548 2933 Plautia,
2605 2862 2677 2916 ut

397 2955 705 3019 docemur
749 2958 812 3035 ἓ.
853 2953 968 3038 453
1031 2976 1224 3040 quam
1282 2952 1766 3038 neglegentiam
1814 2975 2047 3040 parum
2102 2961 2251 3039 apte
2301 2954 2675 3018 Dirksenus

399 3054 693 3140 (Fragm.
727 3055 869 3119 XII
898 3056 1076 3122 tabb.
1113 3078 1176 3142 p.
1212 3056 1369 3141 592)
1397 3056 1551 3120 inde
1594 3063 1901 3136 excusat,
1946 3053 2124 3140 quod
2165 3063 2381 3120 aetate
2426 3054 2675 3119 decem-

399 3157 616 3222 v'irum
662 3156 951 3223 violenta
1001 3158 1328 3244 possessio
1380 3157 1466 3222 ad
1517 3157 1765 3221 furtum
1819 3155 2124 3222 videatur
2182 3152 2393 3219 relata
2448 3155 2673 3220 fuisse.

399 3259 653 3324 Similia
683 3258 858 3343 apud
900 3268 1145 3323 ceteros
1193 3282 1318 3324 usu
1360 3260 1653 3325 veniunt.
1699 3264 1803 3323 Ita
1824 3257 2002 3345 quod
2023 3255 2291 3320 Paullus
2316 3255 2493 3321 Sent.
2518 3255 2617 3319 IV
2637 3256 2676 3319 8

401 3359 662 3443 (collat.
693 3359 867 3425 XVI
888 3360 950 3442 3,
983 3362 1054 3445 3)
1087 3360 1166 3424 de
1195 3359 1830 3444 legitimo·heredum
1862 3359 2089 3426 ordine
2119 3365 2303 3423 notat
2332 3362 2501 3421 ‘sane
2528 3377 2679 3421 eon—

397 3469 754 3540 sanquineos
781 3469 884 3526 lex
911 3482 1028 3525 non
1061 3466 1551 3541 adprehenderat
1560 3488 1583 3535 ‚·
1622 3468 2105 3542 interpretatione
2125 3464 2512 3539 prudentium
2536 3465 2680 3537 pri-

397 3584 553 3627 mum
595 3569 748 3632 inter
789 3575 1038 3641 agnatos
1077 3570 1268 3627 locum
1309 3570 1719 3643 aeceperunt’:
1775 3563 2074 3628 videmus
2114 3560 2317 3625 nihilo
2360 3561 2561 3626 setius
2594 3562 2679 3626 ab

397 3664 680 3750 Ulpia-no
712 3665 822 3729 Fr.
857 3665 1095 3729 XXVI
1121 3666 1153 3727 1
1191 3662 1453 3747 (Collat.
1487 3664 1655 3728 XVI
1678 3663 1743 3745 4,
1780 3663 1843 3748 1)
1878 3662 2391 3745 consanguineos
2424 3684 2681 3749 quoque

396 3765 529 3849 legi
582 3765 807 3831 tribui.
894 3765 1034 3831 Nec
1085 3766 1385 3851 profecto
1445 3788 1594 3833 cum
1641 3765 1815 3829 idem
1864 3763 2189 3849 Ulpianus
2232 3762 2315 3827 fr.
2362 3762 2503 3827 XII
2531 3762 2573 3827 2
2616 3772 2682 3829 et

535 3970 575 4035 ¹)
613 3972 687 4025 cf.
725 3970 850 4023 Sex.
891 3970 1172 4021 Caecilius
1217 3969 1384 4021 Ictus
1420 3970 1699 4023 Favorino
1744 3970 2068 4036 philosopho
2117 3969 2422 4021 collocutus
2469 3968 2544 4019 ib.
2580 3970 2680 4021 XX

400 4062 447 4115 1,

483 4061 774 4206 5²3⁵q⁴Hanc
820 4134 1002 4191 totam'
1038 4142 1418 4207 quaestionem
1463 4142 1669 4207 optime
1715 4141 2083 4207 pertractavit
2117 4139 2428 4190 Dirksenus
2465 4140 2684 4191 ‘Ueber

398 4227 486 4277 die
526 4227 737 4293 Spuren
771 4228 964 4279 histor.
999 4225 1186 4276 Kritik
1223 4226 1334 4275 und
1370 4227 1648 4290 antiquar.
1686 4224 2012 4289 Forschung
2045 4225 2103 4274 in
2139 4224 2245 4275 den
2270 4224 2552 4297 Schriften
2587 4224 2683 4275 der

383 4314 529 4395 ⁴rom.
552 4312 822 4363 Juristen’
858 4313 917 4362 in
953 4310 1093 4362 libro
1119 4311 1421 4364 ‘Versuche
1447 4327 1493 4363 z.
1520 4310 1707 4363 Kritik
1730 4326 1783 4361 u.
1812 4309 2129 4376 Auslegung
2154 4310 2251 4360 der
2276 4312 2411 4363 rom.
2436 4308 2672 4373 Rechts·

399 4395 643 4460 quellen’
679 4412 731 4464 p.
769 4399 868 4448 203
905 4412 984 4461 sq.
