3016 4888
417 340 500 409 38
887 326 904 343 ’
931 377 937 382 -
1008 337 1014 345 ’
1225 362 1478 412 ,οΑΡνΤ
1521 363 1875 414 Anrsnvu.

423 537 572 580 eum
614 514 902 602 appellet
941 520 1639 582 ‘litteratissimum'
1686 527 1751 582 et
1793 517 1921 584 alio
1966 519 2110 585 loco
2159 520 2381 600 (Brut.
2427 519 2469 582 l.
2510 518 2596 604 l.)
2642 525 2707 583 et

419 619 635 704 ipsum
679 628 747 683 et
787 619 1132 683 Decimum
1173 619 1446 686 fratrem
1487 643 1619 684 non
1664 628 1797 684 tam
1842 620 1911 682 in
1962 619 2239 687 dicendo
2283 620 2705 686 admirabiles

422 742 620 805 quam
661 720 888 785 doctos
930 729 996 784 et
1040 720 1315 785 Graecis
1356 721 1593 786 litteris
1639 732 1704 788 et
1731 723 2015 786 Latinis.
2084 722 2169 787 cf.
2206 723 2285 788 O:
2320 723 2588 788 Iahnius
2620 722 2707 788 ad

402 821 480 886 .h.
515 820 560 886 l.
621 819 814 888 Alius
846 822 913 886 in
943 831 1248 908 promptu
1279 833 1379 888 est
1406 821 1807 890 L.Valerius
1838 823 2039 889 ICtus
2064 823 2395 890 Ciceronis
2428 822 2709 890 familia-

418 923 507 986 ris
543 921 658 1006 (ad
689 922 846 988 fam.
879 923 986 988 III
1025 926 1052 988 1
1096 925 1294 1009 extr.)
1314 973 1332 1006 ‚
1365 925 1452 989 ad
1481 948 1675 1012 quem
1718 926 1874 992 data
1905 936 2005 992 est
2047 927 2330 1013 epistula
2371 927 2524 991 libri
2556 926 2588 989 I
2620 925 2707 990 ad

417 1025 575 1090 fam.
628 1023 858 1088 ultima
909 1027 1071 1092 satis
1124 1025 1240 1091 illa
1287 1027 1525 1092 festive
1580 1029 1826 1114 scripta
1873 1067 1957 1078 -—
1996 1023 2233 1116 'quibus
2276 1037 2496 1092 tamen
2546 1027 2707 1092 locis

419 1127 780 1211 significari
817 1126 1082 1192 videtur
1126 1150 1357 1213 parum
1403 1151 1554 1193 eum
1596 1130 1957 1216 profecisse
1997 1131 2065 1195 in
2103 1129 2265 1193 iuris
2306 1131 2547 1215 peritia
2588 1153 2700 1192 -ε

416 1229 600 1293 cuius
633 1229 812 1315 quod
843 1251 961 1314 per
990 1229 1205 1294 iocum
1237 1253 1337 1316 ep.
1368 1231 1504 1296 VII
1541 1233 1615 1294 11
1650 1254 1798 1296 cum
1821 1231 2087 1298 Laberii
2117 1231 2409 1315 iungitur
2438 1231 2703 1312 mentio,

416 1352 545 1394 non
575 1340 708 1412 est,
753 1353 869 1396 cur
907 1331 1062 1394 inde
1095 1354 1242 1396 eum
1272 1332 1378 1420 vel
1410 1331 1863 1402 Atellanarum
1904 1333 2010 1397 vel
2053 1333 2394 1398 mimorum
2436 1334 2705 1417 scripto-

414 1454 550 1496 rem
602 1433 810 1498 fuisse
858 1442 1107 1498 statuas
1169 1457 1314 1498 cum
1365 1435 1737 1501 Ribbeckio
1789 1435 1970 1501 Com.
2026 1434 2139 1499 lat.
2193 1458 2257 1519 p.
2312 1435 2435 1499 257
2490 1455 2587 1518 sq.
2638 1442 2706 1497 et

417 1533 688 1599 Hertzio
720 1534 807 1599 ad
837 1535 1043 1601 Prisc.
1078 1535 1112 1600 I
1142 1559 1207 1622 p.
1239 1536 1455 1622 200.2)
1518 1536 1722 1612 Haec,
1744 1537 1947 1621 igitur
1990 1535 2343 1602 difficultas
2386 1537 2457 1600 in
2486 1533 2701 1600 medio

417 1635 848 1722 relinquenda
878 1639 1019 1703 erit.

582 1738 725 1803 Iam
757 1762 914 1806 vero
943 1719 1161 1806 missis
1192 1743 1320 1824 eis,
1365 1763 1527 1827 quos
1570 1741 2002 1807 confidentius
2050 1758 2246 1825 quam
2286 1739 2445 1804 fecit
2486 1736 2703 1804 exclu-

415 1839 570 1905 dere
599 1850 858 1927 poterat
888 1842 1283 1927 Suringarus
1302 1891 1320 1925 ‚
1352 1844 1444 1907 M.
1472 1844 1755 1924 Catone,
1789 1844 1871 1907 A.
1898 1842 2093 1908 Ofilio
2111 1889 2129 1923 ‚
2164 1841 2356 1906 Ateio
2382 1840 2701 1926 Capitone

414 1981 497 1990 -—
527 1951 703 2007 certe
747 1943 975 2008 eodem
1015 1945 1152 2008 iure
1195 1945 1393 2009 etiam
1424 1945 1828 2024 Varronem,
1872 1943 2197 2023 Cincium,
2244 1942 2543 2007 Sinnium
2583 1941 2703 2006 Ca-

414 2044 736 2130 pitonem,
769 2045 1076 2110 Verrium
1105 2046 1446 2128 Flaccum,
1497 2047 1611 2131 qui
1649 2045 1755 2110 hic
1796 2044 1931 2110 illic
1976 2043 2141 2128 legis
2172 2042 2601 2108 meminerunt
2623 2043 2703 2128 ³),

414 2146 482 2209 in
512 2145 939 2232 interpretum
978 2149 1322 2212 numerum
1352 2147 1601 2212 referas
1641 2187 1727 2198 —-
1766 2156 1914 2233 post
1952 2145 2220 2230 longum
2262 2146 2571 2231 temporis
2610 2145 2703 2207 in-

416 2246 765 2312 tervallum
796 2248 1020 2313 statim
1051 2249 1137 2312 ad
1167 2250 1452 2314 Gaium
1485 2250 1868 2314 devehimur
1898 2247 2239 2312 Hadriano
2268 2257 2336 2310 et
2365 2247 2701 2312 Antonino

414 2357 732 2433 regnante
761 2349 1059 2414 ultimum
1089 2349 1253 2433 legis
1285 2360 1882 2416 commentatorem.
1938 2347 2007 2413 Is
2040 2358 2259 2414 autem
2288 2370 2408 2434 pro
2440 2347 2704 2412 diversa

415 2474 572 2516 suae
603 2453 838 2517 aetatis
869 2451 1088 2519 indole
1117 2453 1295 2519 viam
1327 2454 1410 2520 ab
1441 2454 1586 2518 istis
1610 2454 2055 2538 grammaticis
2080 2450 2396 2516 munitam
2419 2450 2706 2515 deseruit

419 2592 492 2601 —
526 2551 596 2617 id
626 2552 804 2638 quod
834 2577 918 2618 ex
947 2564 1132 2640 parte
1162 2555 1296 2619 iam
1328 2555 1656 2619 Antistius
1687 2554 1910 2619 Labeo
1944 2554 2103 2618 fecit
2130 2591 2213 2601 -—
2244 2563 2440 2639 atque
2481 2573 2701 2638 quam-

413 2677 611 2740 quam
643 2654 727 2719 ab
758 2655 920 2739 ipsis
951 2656 1135 2720 urbis
1168 2656 1371 2720 initiis
1406 2678 1707 2740 egressus
1739 2664 1839 2720 est
1862 2655 1938 2739 4),
1971 2665 2191 2721 tamen
2220 2654 2288 2717 in
2317 2656 2702 2739 interpreta—

415 2757 588 2820 tione
619 2766 831 2822 certos
875 2756 1264 2843 disciplinae
1305 2779 1462 2821 suae
1503 2758 1666 2821 fines
1713 2780 1843 2823 non
1884 2756 2197 2822 excessit:
2244 2757 2528 2841 quinon
2570 2762 2702 2819 tam

415 2857 623 2941 legem
655 2880 740 2921 ex
767 2857 914 2941 lege
945 2858 1274 2943 explicare
1316 2861 1604 2945 suscepit
1644 2880 1840 2943 quam
1886 2881 1964 2923 ea
1993 2858 2183 2944 quasi
2212 2854 2511 2922 vehiculo
2545 2878 2701 2920 usus

417 2968 517 3024 est
548 2957 633 3023 ad
663 2959 1040 3025 interiorem
1081 2960 1242 3024 iuris
1285 2960 1684 3041 doctrinam,
1728 2960 1937 3045 qualis
1981 2969 2273 3045 tempore
2313 2956 2705 3043 procedente

421 3232 554 3281 quor
592 3232 754 3281 quam
801 3218 1024 3281 quinam
1072 3218 1400 3282 probaturus
1447 3218 1521 3267 sit
1564 3232 1785 3269 versum
1820 3217 1871 3266 X
1908 3218 1973 3267 70
2018 3232 2084 3266 ex
2121 3214 2335 3268 Valerii
2380 3214 2568 3265 satiris
2611 3214 2703 3264 de-

416 3306 690 3366 sumptum
728 3316 866 3352 esse.
916 3302 1033 3352 Nec
1061 3302 1199 3352 satis
1237 3306 1365 3367 apte
1403 3303 1502 3352 sub
1528 3300 1818 3366 ‘Vallegii'
1855 3316 2110 3365 persona,
2138 3302 2293 3351 cuius
2329 3316 2397 3351 ex
2435 3299 2705 3349 ‘actione'

415 3401 610 3436 versus
647 3388 714 3435 de
751 3386 1016 3437 Terentio
1057 3388 1331 3437 notissimi
1375 3388 1434 3436 in
1469 3387 1679 3437 Donati
1716 3386 2093 3457 additamento
2142 3385 2211 3435 ad
2246 3386 2420 3435 vitam
2456 3384 2705 3435 Terentii

419 3470 815 3520 Suetonianam
851 3470 1102 3521 citantur
1140 3472 1466 3523 ‘Valerium‘
1506 3486 1737 3536 eumque
1774 3470 2040 3521 Soranum
2076 3468 2294 3519 Keilius
2342 3468 2617 3532 quaesivit
2649 3469 2708 3517 in

416 3555 712 3620 Ephemer.
761 3554 877 3605 litt.
921 3555 1054 3605 Hal.
1094 3557 1224 3606 1849
1271 3573 1321 3620 p.
1361 3557 1489 3606 470:
1538 3571 1644 3620 quo
1688 3556 1754 3605 de
1802 3556 1875 3607 cf.
1912 3553 2249 3605 Ritschelius
2292 3554 2349 3603 in
2398 3568 2586 3606 comm.
2637 3553 2707 3603 ad

416 3641 518 3690 vit.
546 3639 770 3689 Terent.
796 3656 849 3703 p.
867 3641 967 3690 530
994 3640 1264 3706 ed.·Reiff.
1314 3639 1525 3690 Valerii
1550 3639 1743 3689 Sorani
1769 3638 1937 3690 libros
1962 3636 2290 3690 ἐποπτίδων
2313 3639 2527 3689 Plinius
2555 3637 2708 3688 novit

418 3725 482 3774 N.
520 3724 593 3773 H.
630 3724 809 3788 praef.
851 3729 1018 3777 exta:
1057 3740 1128 3775 ex
1167 3724 1362 3789 quibus
1396 3724 1584 3775 hausti
1620 3724 1874 3775 videntur
1909 3740 2099 3776 versus
2144 3724 2212 3775 de
2248 3726 2381 3775 Iove
2418 3722 2563 3789 apud
2598 3722 2705 3772 Au-

420 3807 700 3873 gustinum
737 3808 798 3859 C.
841 3810 914 3859 D.
957 3809 1060 3860 VII
1096 3811 1127 3859 9
1167 3807 1247 3872 (et
1281 3809 1555 3875 Mythogr.
1595 3810 1724 3860 Vat.
1762 3826 1815 3873 p.
1858 3811 1953 3859 152
1988 3809 2163 3872 Bode)
2198 3810 2424 3860 servati.

550 3891 595 3957 ²)
633 3894 818 3943 Verba
856 3895 1015 3944 ‘mira
1049 3896 1178 3944 enim
1206 3910 1438 3955 persona
1473 3896 1647 3945 indu-ci
1684 3900 1859 3958 potest
1898 3895 2192 3944 Britannici
2226 3895 2345 3943 1012·
2356 3896 2373 3923 ’
2412 3892 2483 3942 ad
2528 3891 2705 3941 lusum

417 3980 564 4028 inter
600 3977 905 4027 familiares
954 3978 1268 4029 faciendum
1317 3994 1492 4043 aeque
1545 3979 1685 4028 bene
1736 3983 1991 4043 spectare
2040 3983 2283 4043 possunt.
2356 3978 2443 4027 De
2480 3976 2706 4028 Valerio

418 4062 700 4113 Catullo
736 4067 903 4128 poeta
938 4062 1083 4113 male
1119 4063 1260 4113 haec
1297 4067 1636 4128 acceperunt
1674 4067 1729 4113 et
1764 4064 1863 4113 alii
1901 4066 1957 4113 et
1991 4063 2035 4115 Ι.
2079 4063 2142 4114 G.
2182 4060 2500 4112 Huschkius
2536 4060 2605 4111 de
2641 4060 2683 4109 C

417 4147 594 4198 Annio
633 4147 854 4198 Cimbro
892 4165 944 4212 p.
982 4149 1048 4198 27
1085 4164 1138 4202 n.

553 4231 594 4295 ³)
635 4233 706 4284 cf.
743 4234 946 4283 Festus
983 4249 1034 4297 p.
1075 4235 1170 4285 158
1207 4234 1474 4297 Murrata,
1515 4250 1567 4298 p.
1612 4234 1707 4284 162
1744 4249 1875 4296 nec,
1913 4249 1967 4297 p.
2007 4230 2105 4284 173
2140 4237 2490 4297 nuncupata,
2528 4248 2579 4297 p.
2606 4234 2703 4282 321

419 4320 677 4377 sanata,
715 4334 768 4381 p.
805 4320 904 4369 363
941 4317 1187 4372 talionis.

552 4399 595 4463 4)
637 4402 708 4454 cf.
743 4402 1018 4467 praefatio
1053 4401 1111 4451 in
1149 4403 1275 4466 Dig.
1318 4404 1364 4461 1,
1403 4406 1452 4460 2,
1493 4404 1540 4451 1.
