3016 4888
0 914 7 1161 --——-—-
1 882 3 897 ..

559 340 654 388 DE
698 337 1086 386 VETERIBVS
1131 336 1236 383 XII
1279 334 1707 386 TABVLARVM
1751 334 2325 384 INTERPRETnsvs.
2498 317 2583 384 25

291 496 514 582 opinio
557 503 659 560 est
699 514 844 558 eam
885 492 1255 558 continuam
1287 489 1793 577 explicationem
1822 471 2043 554 fuisse⁸
2059 488 2355 576 inprimis
2386 510 2580 556 voca·

247 665 257 674 ,
291 597 594 663 bulorum
624 597 1138 662 inveteratorum
1170 589 1846 678 obscuriorumque1):
1878 592 1949 655 in
1978 613 2106 678 quo
2136 591 2581 656 Mommsenus

297 700 410 786 (H.
443 700 522 764 R.
555 701 590 764 I
619 721 684 784 p.
717 699 870 786 913)
914 697 1201 763 affirmat
1237 696 1370 760 iam
1400 695 1808 760 Graecorum
1836 695 2305 779 grammaticae
2338 691 2580 759 studio-

293 825 440 868 rum
490 799 819 889 quandam
868 801 1003 866 vim
1032 798 1337 886 perspici.
1409 796 1543 862 Sed
1586 820 1665 862 ea
1706 796 1924 883 opinio
1966 819 2095 864 non
2136 794 2399 861 aliunde
2428 804 2585 860 nata

297 926 441 969 esse
472 902 736 969 videtur
762 901 893 966 nisi
925 923 1009 965 ex
1038 901 1130 965 eis
1162 923 1328 987 quae
1358 900 1438 965 de
1467 899 1651 966 vocis
1684 905 1911 964 ‘lessus'
1944 899 2209 964 notione
2232 921 2273 963 a
2296 898 2363 966 S.
2391 895 2580 962 Aelio

295 1029 431 1072 non
461 1005 621 1090 satis
655 1005 968 1091 expedita
997 1002 1226 1068 Cicero
1256 1002 1533 1068 rettulit:
1569 1023 1714 1066 cum
1746 1023 1931 1066 secus
1962 1023 2101 1065 rem
2125 1001 2335 1087 accipi
2357 999 2585 1064 iubeat

296 1109 440 1195 ipse
469 1106 815 1194 Pomponii
857 1107 1061 1170 locus.
1139 1105 1208 1170 Is
1253 1105 1426 1172 enim
1469 1127 1620 1169 cum
1661 1103 1837 1168 dicat
1876 1103 2220 1190 tripertitis
2265 1101 2585 1167 contineri

297 1208 511 1296 legem
525 1258 544 1292 ,
588 1207 1226 1295 interpretationem,
1266 1206 1430 1292 legis
1463 1205 1821 1289 actionem,
1866 1207 1993 1272 tria
2021 1204 2135 1270 illa
2163 1205 2309 1270 iura
2334 1202 2584 1268 intelle·

295 1312 425 1396 git,
461 1311 541 1376 de
572 1310 810 1398 quibus
843 1310 926 1384 ab
956 1310 1144 1376 initio
1178 1318 1575 1396 exposuerat
1604 1313 1643 1391 ξ
1673 1309 1843 1372 4--6
1858 1356 1876 1389 ,
1907 1308 2024 1374 ubi
2056 1329 2141 1372 ex
2169 1307 2312 1372 XII
2343 1303 2586 1372 tabulis
2652 1301 2657 1306 ’

295 1413 497 1478 fluere
539 1413 835 1498 coepisse
875 1422 940 1479 et
979 1413 1082 1478 ius
1128 1410 1320 1479 civile
1349 1414 1394 1476 i.
1429 1435 1483 1476 e.
1535 1410 2054 1498 prudentium
2090 1411 2587 1495 interpreta-

178 1594 185 1600 .
300 1517 597 1580 tionem
624 1515 1192 1600 necessariamque
1221 1513 1351 1580 fori
1381 1513 1931 1600 disputationem,
1981 1522 2046 1578 et
2086 1511 2251 1596 legis
2297 1511 2585 1575 actiones

299 1616 524 1683 docuit
554 1617 644 1701 (g.
676 1617 736 1680 6.
769 1616 868 1701 Β).
938 1616 1158 1702 Atque
1204 1615 1275 1680 id
1316 1616 1537 1702 ipsum
1579 1623 1834 1701 spectat
1874 1614 2048 1700 quod
2090 1611 2280 1679 addit
2320 1634 2469 1677 eum
2512 1611 2588 1676 li-

295 1719 491 1786 brum
521 1716 729 1784 veluti
758 1715 1086 1784 cunabula
1113 1715 1276 1781 iuris
1308 1719 1659 1784 continere.
1705 1716 2013 1782 Forensis
2044 1716 2247 1800 igitur
2276 1714 2426 1795 fuit,
2457 1736 2589 1780 non

297 1820 734 1906 grammatica
760 1807 1245 1905 interpretatio:
1279 1840 1446 1907 quae
1477 1841 1873 1906 quamquam
1902 1819 1973 1882 in
2002 1817 2406 1902 singularum
2436 1837 2591 1903 quo·

299 1944 427 2009 que
456 1942 695 1988 vocum
725 1921 1273 2008 significationem
1307 1923 1637 2009 inquirere
1668 1919 1826 1986 data
1847 1921 2189 1986 occasione
2209 1941 2344 1984 non
2367 1940 2589 2004 super-

301 2024 502 2106 sedit,
554 2033 774 2090 tamen
814 2025 884 2087 in
921 2024 1508 2090 iureconsultorum
1550 2025 1938 2090 auctoritate
1987 2019 2411 2110 proponenda
2450 2029 2592 2086 tota

300 2125 714 2194 versabatur.
775 2124 1086 2210 Sequitur
1137 2135 1357 2190 autem
1406 2148 1490 2190 ex
1540 2124 1665 2189 hac
1723 2125 1937 2211 operis
1983 2134 2175 2210 parte
2215 2146 2294 2188 ea
2334 2139 2589 2210 quoque

302 2230 650 2315 desumpta
679 2249 823 2292 esse
851 2248 1020 2312 quae
1049 2227 1316 2314 propria
1347 2227 1539 2293 Aelio
1570 2249 1611 2291 a
1638 2226 1975 2293 veteribus
2006 2234 2483 2291 memorantur:
2517 2233 2593 2288 ut

302 2352 498 2417 quam
550 2329 861 2396 Cicerone
914 2337 1082 2394 teste
1136 2330 1651 2397 controversiam
1703 2329 1909 2394 movit
1952 2326 2068 2413 (ad
2108 2328 2266 2393 fam.
2298 2325 2439 2412 VII
2476 2325 2587 2409 22)

305 2441 600 2513 ‘possetne
627 2437 802 2498 heres
828 2435 992 2511 quod
1010 2436 1250 2509 furtum
1281 2442 1456 2497 antea
1481 2436 1720 2509 factum
1747 2442 1922 2505 esset,
1950 2440 2128 2496 -recte
2160 2434 2325 2507 furti
2361 2436 2587 2507 aqere‚’

306 2544 423 2600 aut
473 2534 649 2621 quod
700 2538 817 2597 ‘tus
865 2554 1096 2614 quoque
1144 2542 1203 2597 et
1249 2554 1450 2599 cereos
1503 2540 1569 2597 in
1610 2538 1987 2598 domesticum
2031 2552 2203 2598 usum
2241 2532 2490 2612 paratos
2528 2536 2593 2595 in

294 2658 498 2717 penu
536 2657 662 2701 esse
699 2641 942 2731 scripsit
984 2634 1268 2721 (Gellius
1301 2634 1400 2700 IV
1435 2638 1493 2719 1,
1526 2636 1629 2700 20.
1676 2636 1835 2719 Dig.
1865 2636 1982 2716 33,
2015 2634 2090 2717 9,
2120 2635 2192 2715 3,
2226 2638 2287 2716 ἓ.
2324 2634 2423 2720 9),
2479 2641 2593 2698 aut

305 2741 381 2803 ‘si
412 2760 524 2818 per
568 2750 886 2819 emptorem
924 2746 1147 2805 steterit
1182 2745 1492 2818 quominus
1532 2745 1591 2802 ei
1638 2744 1999 2817 mancipium
2054 2740 2429 2817 traderetur,
2474 2755 2593 2814 pro

305 2846 550 2907 cibariis
591 2862 710 2921 per
767 2844 1061 2905 arbitrum
1120 2844 1564 2906 indemnitatem
1613 2830 1797 2918 posse
1846 2844 2111 2903 servari’
2176 2838 2593 2905 confirmavit

305 2944 423 3029 (D.
460 2942 561 3025 19,
598 2943 657 3024 1,
688 2940 882 3028 38).2)

469 3045 576 3108 De
633 3042 838 3109 altero
900 3044 1013 3130 qui
1063 3042 1130 3109 S.
1183 3043 1374 3109 Aelio
1429 3066 1468 3108 a
1521 3043 1838 3109 Cicerone
1889 3042 2185 3128 iungitur
2235 3044 2592 3129 interprete

301 3148 378 3211 L.
412 3144 681 3211 Acilio
712 3167 843 3211 non
863 3146 1036 3211 ‘satis
1067 3169 1149 3210 ne
1179 3147 1260 3211 de
1289 3147 1434 3232 ipso
1467 3145 1733 3231 quidem
1761 3146 2023 3210 nomine
2055 3154 2340 3235 constat?
2390 3167 2586 3232 quem

300 3248 374 3313 P.
419 3245 765 3314 Atilium
815 3246 1101 3331 appellet
1140 3248 1539 3333 Pomponius
1582 3247 1627 3310 l.
1669 3247 1712 3312 1.
1758 3250 1821 3328 ἓ.
1854 3248 1959 3311 38.
2020 3246 2265 3311 Verum
2308 3269 2456 3311 cum
2505 3248 2591 3312 ab
2664 3324 2669 3328 .

299 3349 425 3416 hoc
455 3357 724 3413 auctore
753 3348 822 3411 in
851 3348 1273 3433 praenomine
1305 3358 1594 3414 erratum
1625 3370 1769 3413 esse
1797 3370 1985 3413 nemo
2016 3358 2235 3433 neget,
2266 3370 2349 3413 ne
2380 3350 2583 3413 nomi-

301 3452 403 3515 nis
435 3450 702 3537 quidem
730 3449 1009 3515 formam
1040 3458 1215 3515 recte
1245 3452 1553 3517 existimo
1587 3473 1627 3515 a
1655 3449 1985 3537 plerisque
2016 3459 2082 3517 et
2109 3451 2271 3516 iuris
2314 3450 2587 3536 scripto-

302 3554 486 3620 ribus
520 3561 587 3615 et
615 3551 946 3617 Ciceronis
978 3552 1343 3618 editoribus
1358 3552 1410 3638 ³)
1455 3553 1783 3618 constanti
1824 3552 2083 3619 duobus
2127 3551 2286 3617 locis
2320 3551 2432 3637 (de
2462 3550 2591 3636 leg.

302 3654 375 3719 II
401 3654 509 3736 23,
541 3653 646 3718 59.
692 3653 876 3737 Lael.
905 3653 969 3734 2,
1001 3654 1069 3741 6)
1103 3655 1403 3719 codicum
1428 3649 2009 3720 Ciceronianoruin
2030 3654 2383 3719 memoriae
2405 3675 2591 3740 prae-

302 3754 483 3821 ferri.
552 3754 906 3822 Praeterea
943 3754 1066 3819 hoc
1106 3766 1364 3823 tantum
1406 3755 1841 3843 comperimus
1876 3754 2258 3842 ‘Sapientis'
2290 3776 2439 3819 eum
2481 3776 2584 3821 co-

303 3859 608 3943 gnomine
639 3866 944 3923 ornatum
974 3879 1118 3923 esse
1150 3863 1319 3936 ‘quia
1346 3863 1621 3937 prudens
1652 3878 1779 3923 esse
1806 3864 1868 3923 in
1899 3864 2030 3923 ture
2060 3863 2224 3923 civili
2243 3864 2585 3937 putaretur'
2612 3840 2621 3848 ’

441 4130 482 4195 ¹)
522 4132 595 4184 cf.
629 4133 949 4185 Vaassenus
983 4132 1160 4181 Anim.
1199 4131 1269 4183 ad
1304 4133 1438 4184 fast.
1473 4146 1608 4183 rom.
1644 4148 1700 4199 p.
1736 4133 1836 4183 222
1875 4132 1948 4183 al.

439 4214 484 4281 ²)
521 4216 691 4282 Fugit
723 4216 816 4267 hic
852 4216 1008 4269 locus
1044 4232 1140 4270 eos
1176 4218 1269 4283 qui
1305 4216 1362 4272 S.
1397 4216 1546 4269 Aelii
1580 4216 1830 4283 reliquiis
1869 4217 2212 4285 colligendis
2236 4228 2459 4285 operam
2494 4215 2587 4271 de,-

304 4301 518 4353 derunt.

443 4384 488 4450 ὃ)
529 4385 695 4436 etiam
733 4386 958 4438 Osanno
997 4388 1065 4441 ad
1099 4389 1457 4455 Pomponium
1496 4388 1533 4441 1.
1570 4388 1611 4445 1.
