3016 4888
758 320 853 366 DE
896 316 1267 367 nvonscm
1312 314 1743 363 TABVLARVM
1786 313 2133 364 MEMOmA.
2515 296 2593 363 15

301 474 605 541 Servium
634 470 911 557 Vergilii
952 472 1403 557 interpretem:
1462 468 1576 555 qui
1619 468 1794 555 quod
1839 467 1926 532 ad
1953 470 2120 533 Aen.
2155 464 2295 531 XII
2325 466 2450 531 606
2479 464 2592 529 ad-

304 586 496 644 notat
530 585 793 640 ‘cautum
822 581 951 651 leffe
977 577 1121 635 XII
1143 576 1511 651 tabularum,
1555 592 1642 658 ng
1671 577 1947 634 mulieres
1987 580 2309 649 carperent
2342 573 2591 651 faciem,

302 682 411 743 his
425 683 617 743 verbis
660 682 921 739 “mulier
954 678 1181 751 faciem
1220 696 1297 738 ne
1334 680 1636 751 carpito',
1575 679 1618 707 '⁹
1688 669 1901 755 1636111
1950 671 2032 735 de
2079 692 2202 735 suo
2254 670 2476 735 fictam
2525 672 2595 733 in

304 780 522 845 locum
550 760 871 864 genuinae
904 776 1251 857 substituit
1280 797 1321 839 a
1351 774 1666 839 Cicerone
1692 771 1968 859 aliisque
1991 772 2273 836 traditae
2299 762 2597 837 ‘mulieres

298 903 492 961 qenes
520 903 596 946 ne
621 885 907 945 radunto’
944 877 1042 962 (X
1067 878 1173 961 4)·
1214 876 1401 943 6111116
1434 874 1736 941 licentiae
1767 874 1944 960 apud
1973 873 2250 939 eundem
2279 873 2417 943 alia
2442 894 2596 959 quo—

310 1007 439 1072 que
466 992 729 1071 praesto
761 990 914 1047 sunt
940 979 1207 1045 indicia.

472 1086 619 1150 His
642 1106 798 1149 vero
840 1082 1145 1150 omnibus
1189 1078 1622 1147 consideratis
1668 1077 1902 1170 ecquis
1929 1076 2064 1140 iam
2104 1077 2394 1159 dubitet,
2439 1078 2598 1163 quin

306 1209 664 1274 numquam
706 1184 1001 1250 extiterit
1038 1203 1315 1247 aeneum
1354 1180 1522 1246 illud
1562 1180 1738 1267 quod
1775 1180 1990 1245 fertur
2028 1187 2182 1266 post
2219 1179 2598 1243 incendium

314 1290 641 1355 Gallicum
682 1287 1057 1352 restitutum
1098 1282 1241 1347 XII
1282 1282 1656 1347 tabularum
1697 1280 2150 1368 exemplarv)
2241 1280 2372 1361 Qui
2425 1281 2598 1345 enim

309 1372 451 1456 fieri
494 1391 741 1477 potuit,
792 1395 868 1452 'ut
906 1398 1005 1452 tot
1043 1386 1151 1452 vel
1192 1385 1439 1452 abusus
1480 1385 1587 1449 vel
1617 1405 1869 1449 errores
1901 1383 2491 1464 committerentur,
2541 1384 2600 1446 61

309 1490 497 1573 ipsae
540 1488 803 1555 tabulae
840 1487 1263 1555 venerandae
1292 1486 1707 1574 antiquitatis
1739 1483 2000 1573 publice
2028 1487 2098 1549 in
2131 1484 2274 1548 foro
2305 1484 2598 1569 proposi-

310 1600 417 1654 tae
448 1590 879 1672 mansissent,
923 1590 1157 1676 quibus
1200 1586 1319 1654 vel‘
1350 1588 1620 1653 minima
1651 1587 2096 1674 discrepantia
2125 1588 2347 1651 statim
2377 1583 2598 1648 redar-

315 1692 666 1774 gueretur?
728 1692 936 1756 Immo
966 1689 1431 1775 grammaticos
1460 1699 1752 1773 veteres,
1795 1711 2068 1777 quorum
2109 1686 2373 1804 quidem
2401 1686 2598 1773 pluri-

312 1814 489 1857 mum
519 1792 895 1873 interesset,
926 1800 1004 1855 ut
1029 1791 1115 1856 ad
1143 1792 1495 1877 prlstinam
1521 1792 1682 1877 16316
1709 1792 2015 1873 formam,
2049 1788 2270 1876 quoad
2295 1791 2434 1853 eius
2457 1788 2599 1853 fieri

313 1903 573 2010 posset,
618 1893 941 1976 redirent,
990 1916 1075 1958 ex
1113 1894 1274 1979 ipsis
1305 1894 1700 1978 fragmentis
1731 1901 1988 1957 constat
2015 1892 2116 1957 uti
2143 1914 2278 1957 non
2305 1890 2598 1977 potuisse

312 1995 440 2059 nisi
481 1994 798 2081 exemplis
840 1994 1046 2060 multo
1088 1996 1562 2061 recentioribus
1607 2004 1672 2059 et
1702 1995 1970 2082 antiquo
2002 1994 2218 2059 colore
2247 2014 2489 2078 magna
2514 2016 2602 2057 ex

311 2107 499 2183 parte
540 2097 821 2183 privatis
864 2105 931 2160 et
972 2093 1497 2160 additamentis
1478 2101 1612 2159 16111
1657 2105 1794 2159 tum
1836 2096 2036 2160 6611161
2079 2096 2342 2181 saepius
2373 2095 2599 2182 ampli·
2671 2090 2681 2099 ⁴

314 2198 549 2263 ficatis.

483 2298 691 2385 Atqui
736 2298 940 2365 salvis
980 2298 1159 2365 hisce
1200 2298 1406 2365 nihilo
1449 2302 1664 2365 minus
1707 2296 2092 2363 contendere
2135 2298 2346 2363 ausim
2395 2297 2600 2364 fuisse

320 2398 675 2489 aliquando
720 2412 915 2489 atque
957 2400 1121 2468 adeo
1166 2401 1392 2489 quinto
1432 2412 1587 2488 post
1630 2401 1962 2467 Christum
2003 2399 2262 2466 saeculo
2303 2400 2601 2464 extitisse

312 2503 479 2588 legis
524 2503 862 2589 exemplar
916 2503 985 2567 in
1037 2525 1147 2566 aes
1202 2503 1481 2566 incisum
1521 2541 1608 2550 ——
1647 2523 2055 2590 quamquam¹
2083 2501 2152 2566 id
2192 2523 2311 2579 nec
2351 2500 2602 2566 Romae

314 2607 719 2691 propositum
736 2608 879 2668 ·necv
901 2613 1229 2670 vetustate
1258 2604 1541 2689 insigne.
1585 2605 1806 2668 Verba
1835 2603 2080 2668 suntS.
2109 2602 2426 2689 Cypriani
2445 2603 2600 2668 Car-

315 2706 751 2790 thaginiensis
765 2708 833 2771 in
846 2705 1131 2794 epistula
1142 2707 1228 2772 ad
1245 2707 1580 2771 Donatum
1599 2707 1774 2771 circa
1789 2727 2030 2770 annum
2042 2729 2104 2790 p.
2123 2705 2277 2769 Chr.
2295 2703 2602 2770 CCXLV

315 2807 594 2892 scripta,
637 2829 766 2894 qua
806 2809 1014 2873 amico
1059 2829 1283 2873 recens
1328 2807 1527 2884 fidem
1565 2806 1868 2893 professo
1901 2811 1994 2871 ‘ut
2020 2813 2327 2870 inlustrius
2355 2814 2603 2872 veritate

303 2912 627 2988 patefacta
657 2914 846 2974 divini
868 2917 1132 2974 muneris
1158 2915 1386 2974 indicia
1410 2917 1790 2982 clarescant’‚
1825 2918 2140 2974 ‘malorum
2165 2917 2428 2988 caliyine
2455 2915 2602 2975 abs-

314 3021 477 3074 tersa
534 3016 730 3090 operti
776 3018 1006 3076 saeculi
1040 3017 1317 3086 tenebras
1354 3019 1602 3077 revelat’
1648 3014 1726 3096 (c.
1758 3011 1829 3098 5)
1871 3011 1968 3076 ita
2007 3012 2430 3098 pronuntiata
2470 3035 2526 3079 c.
2561 3014 2602 3076 9

242 3125 249 3132 ·
320 3112 493 3200 (10):
529 3116 677 3176 ‘Se'd
701 3117 808 3176 tibi
820 3125 962 3194 post
983 3121 1303 3198 ,insidiosas
1332 3122 1475 3194 νίας,
1503 3125 1638 3194 post
1665 3120 1970 3194 dispersas
1999 3121 2137 3179 orbe
2167 3124 2279 3178 toto
2307 3121 2603 3194 multipli-

317 3235 417 3279 ces
439 3233 709 3294 pufflws,
732 3225 871 3294 post
894 3224 1240 3294 spectacula
1268 3225 1362 3282 vel
1386 3227 1641 3282 cruenta
1669 3223 1762 3280 vel
1787 3223 1994 3296 turpia
2027 3266 2042 3282 .
2077 3265 2092 3280 .
2127 3265 2144 3282 .
2181 3266 2195 3280 .
2222 3221 2430 3294 sorum
2455 3222 2603 3294 for·-

456 3420 494 3485 1)
531 3420 753 3473 Diodor.
790 3420 901 3473 XII
935 3422 1001 3472 26
1045 3420 1180 3489 ήζδὲ
1212 3426 1489 3488 γραφεῖεα
1524 3420 1824 3486 νομοθεςία
1867 3421 2114 3487 βραχέως
2159 3424 2249 3475 καὶ
2285 3421 2602 3490 ἀπερίττω(

316 3503 639 3570 (υγκειμὲνη
676 3503 910 3570 διέμεινε
946 3505 1331 3573 θαυμαζομένη
1369 3506 1524 3572 μέχρι
1557 3510 1679 3559 τῶν
1716 3507 1850 3560 καθ’
1883 3507 2029 3572 ἡμᾶς
2065 3510 2275 3572 καιρῶν
2309 3525 2419 3560 non
2442 3525 2603 3576 spero

320 3608 355 3642 6
392 3606 663 3656 quoquam
694 3591 755 3641 in
790 3608 914 3643 eam
936 3598 1151 3658 partem
1178 3599 1469 3659 acceptum
1493 3595 1590 3644 iri:
1630 3595 1721 3660 qui
1745 3609 1966 3660 prorsus
1993 3595 2158 3645 aliter
2180 3594 2398 3646 locutus
2435 3601 2604 3661 esset,

318 3677 368 3726 si
400 3676 513 3742 ipsi
546 3676 655 3727 XII
690 3676 915 3728 tabulas
950 3693 1161 3730 aeneas
1202 3680 1394 3731 videre
1442 3679 1783 3748 contigisset.
1857 3680 1966 3730 Sed
2009 3679 2230 3730 conficit
2270 3695 2412 3746 rem,
2459 3695 2601 3746 quae

320 3781 388 3815 ex
422 3766 534 3816 ista
567 3764 824 3830 opinione
858 3781 929 3816 ne
966 3765 1235 3830 explicari
1270 3764 1489 3829 quidem
1523 3765 1724 3829 possit,
1762 3763 1830 3814 de
1867 3767 1992 3830 ipsa
2025 3765 2345 3815 tabularum
2367 3768 2604 3818 materia

319 3855 569 3900 veterum
604 3851 902 3902 dissensio:
940 3865 1079 3914 quas
1117 3865 1323 3900 aeneas
1357 3849 1552 3900 Livius
1589 3848 1674 3900 111
1709 3851 1792 3900 57.
1830 3851 2060 3914 Dionys.
2095 3837 2310 3900 Hal.²”x
2345 3849 2428 3900 5⁷.
2469 3851 2604 3902 Dio·
2632 3867 2636 3871 ·

320 3935 482 3986 dorus
516 3936 625 3986 XII
660 3937 753 4001 26,
796 3936 1028 3986 choreas
1073 3934 1166 3986 vel
1201 3937 1250 3985 si
1286 3933 1629 4000 Scaligerum
1673 3935 1922 4000 sequeris
1965 3935 2224 3986 roboreae
2269 3936 2602 4000 Pomponius

320 4017 450 4084 Dig.
491 4021 541 4084 1,
576 4021 625 4085 2,
663 4023 694 4070 2
730 4021 761 4082 ἓ
794 4022 830 4070 4
863 4019 1107 4071 tradunt.
1176 4020 1243 4070 In
1278 4019 1473 4084 quibus
1510 4020 1742 4072 diversis
1787 4021 2003 4072 diverso
2039 4021 2200 4071 modo
2237 4020 2601 4072 conciliandis

321 4103 527 4153 frustra
571 4104 907 4157 sudaverunt
950 4107 1059 4157 viri
1110 4104 1286 4168 docti3
1341 4104 1415 4160 cf.
1463 4105 1702 4156 maxime
1749 4105 1815 4157 Gr.
1859 4105 2264 4156 Wernsdorfius
2313 4104 2476 4158 Obss.
2533 4105 2602 4156 de

320 4189 555 4238 materia
598 4191 706 4240 XII
742 4190 1056 4241 tabularum
1102 4189 1489 4254 Vitembergae
1539 4206 1626 4256 ap.
1663 4191 1922 4241 Diirrium
1969 4189 2034 4255 (s.
2074 4189 2166 4256 a.).
2225 4191 2268 4241 Ι.
2306 4191 2401 4241 Fr.
2439 4190 2630 4270 Koma,
2711 4235 2718 4242 .

319 4278 473 4324 terus
507 4273 799 4325 vindiciae
832 4275 1123 4340 Pomponii
1157 4273 1224 4326 de
1260 4275 1495 4351 materia
1530 4277 1640 4330 XII
1675 4275 1828 4327 tabb.
1865 4276 2018 4340 Lips.
2058 4275 2204 4326 1765.
2265 4275 2398 4327 Otto
2433 4275 2600 4328 Thes.

320 4359 621 4452 IIprraef.
657 4359 707 4410 4.
767 4359 1030 4412 0661111116
1062 4361 1135 4413 ad
1166 4362 1457 4428 Pomponii
1491 4360 1560 4412 de
1597 4362 1732 4427 orig.
1771 4363 1874 4413 iur.
1911 4363 2106 4428 fragm.
2143 4365 2298 4428 p.-27
2335 4377 2420 4428 sq.
