3016 4888
389 296 472 360 36
1227 313 1454 362 CAPv'r
1497 315 1849 364 Amnum.
1866 295 1887 312 ‘

394 467 680 534 seribere
696 515 714 547 ‚
763 467 869 532 eui
913 468 1072 531 haee
1115 465 1436 533 debentur
1477 490 1539 553 p.
1574 467 1697 534 351
1732 472 1927 532 ‘Bene
1965 475 2196 550 sponsis
2224 475 2481 550 beneque
2520 478 2684 536 vole-

393 577 478 634 ris
495 570 542 657 1)
577 576 639 633 in
660 576 1011 650 precatione
1039 576 1328 646 auyurali
1355 573 1642 634 Messalla
1674 592 1873 649 auyur
1904 577 1991 636 ait
2029 579 2373 651 siqnificare
2416 593 2683 654 spopon-

393 676 582 753 deris,
615 678 901 736 volueris'
935 680 1000 736 et
1030 675 1310 751 ‘serpula
1349 679 1639 753 serpserit
1668 672 1819 758 (leg.
1852 681 2069 755 serpsit
2089 674 2183 760 2))
2216 682 2303 738 ait
2328 680 2484 738 idem
2514 680 2681 742 Mes-

391 780 550 838 salla
581 779 886 852 “serpens
915 779 1304 853 inrepserit.''

532 1031 571 1097 ¹)
624 1035 884 1083 ‘volueris’
929 1032 1046 1084 cod.
1084 1033 1228 1098 'quod
1266 1035 1433 1084 ‘volis’
1483 1033 1721 1084 mutavit
1770 1035 1833 1084 O.
1868 1035 2172 1086 'Muellerus
2208 1038 2555 1088 Priscianum
2602 1054 2685 1088 se-

397 1121 556 1168 cutus
602 1135 656 1182 p,
694 1117 794 1169 848
831 1114 894 1168 P.
931 1114 991 1180 (Ι
1029 1134 1080 1183 p.
1120 1118 1221 1168 456
1265 1117 1398 1178 H.):
1446 1118 1541 1168 ubi
1589 1121 1777 1169 tamen
1826 1123 1881 1170 et
1926 1123 2135 1172 ‘nolim’
2181 1121 2325 1173 idem
2374 1139 2497 1174 esse
2545 1122 2685 1186 quod
2765 1145 2778 1154 r

401 1205 586 1252 ‘velim’
625 1202 827 1252 dieitur
864 1206 918 1252 et
953 1203 1076 1268 ipsa
1115 1203 1292 1252 forma
1330 1201 1434 1252 fide
1471 1201 1619 1252 haud
1653 1203 1871 1254 videtur
1918 1204 2085 1279 digna
2134 1203 2255 1256 esse
2294 1207 2388 1270 (ef.
2428 1207 2685 1258 Hertzius

399 1287 468 1358 ad
508 1285 587 1350 1.).
649 1288 844 1352 Itaque
883 1291 981 1336 aut
1019 1290 1225 1337 ‘volsis’
1265 1287 1408 1350 quod
1448 1287 1517 1338 ab
1554 1288 1673 1354 ipso
1709 1289 2046 1354 propositum
2084 1291 2283 1340 reiecit
2305 1290 2497 1341 Muell.
2532 1291 2687 1341 oblo-

398 1376 600 1436 quente
637 1371 918 1436 Madvigio
957 1371 1158 1436 Opuse.
1185 1373 1242 1422 II
1279 1373 1342 1422 75
1379 1387 1460 1435 n.‚
1502 1376 1601 1422 aut
1636 1373 1778 1437 quod
1816 1375 2071 1437 equidem
2107 1376 2394 1442 praefero,
2432 1380 2451 1406 ‘
2468 1377 2685 1427 voleris’

398 1458 544 1506 siout
587 1472 754 1522 supra
793 1458 1074 1506 ‘tetinero’
1115 1461 1169 1506 et
1207 1459 1514 1506 ‘monerint’
1550 1457 1761 1512 Pacuv.
1800 1459 1943 1524 apud
1967 1459 2201 1509 Paulum
2238 1477 2288 1527 p.
2318 1463 2417 1511 373
2454 1489 2517 1498 —-
2556 1460 2685 1510 Sea-

395 1541 572 1607 ligero
611 1528 666 1590 et
701 1541 894 1606 Lipsio
933 1541 1250 1592 auctoribus
1287 1540 1637 1592 scribendum
1678 1548 1779 1593 est.

357 1706 365 1711 η
533 1643 575 1707 ²)
615 1645 867 1706 ‘serpsit’
909 1643 1288 1708 corrigendum
1327 1659 1450 1694 esse
1489 1659 1609 1693 eum
1648 1645 1905 1710 antiquus
1942 1660 2070 1696 usus
2107 1651 2290 1697 monet
2337 1652 2450 1697 tum
2486 1646 2685 1697 similis

398 1728 556 1779 loeus
593 1744 646 1793 p.
671 1728 770 1778 348
809 1717 903 1790 (ef.
931 1727 1166 1790 Paulus)
1203 1727 1431 1794 ‘Serpsit
1465 1730 1662 1794 antiqui
1692 1745 1793 1794 pro
1828 1733 2105 1795 serpserit,
2143 1733 2275 1780 unde
2310 1733 2543 1781 videntur
2576 1748 2687 1782 ser-

395 1815 550 1878 pulae
585 1814 753 1866 dictae
790 1829 917 1878 quas
953 1828 1083 1862 nune
1117 1821 1384 1877 serpentes
1421 1814 1630 1863 dicimus
1664 1829 1735 1862 eoe
1766 1831 1985 1878 yraeeo,
2035 1817 2154 1880 qaia
2196 1817 2272 1864 illi
2316 1813 2553 1880 ἑρπετά,
2594 1832 2687 1867 nos

313 1943 318 1948 ,
395 1915 494 1961 pro
530 1899 886 1966 adspiratione
932 1899 1127 1949 illorum
1163 1897 1198 1948 S
1233 1900 1407 1948 littera
1445 1900 1623 1962 posita
1666 1907 1725 1948 ue
1766 1897 1821 1951 ἕξ
1870 1915 1969 1949 seoe
2015 1897 2161 1950 ἑπτά
2202 1904 2437 1964 septem.'
2510 1901 2689 1962 Quam
2780 1881 2789 1891 ’

399 1982 644 2048 glossam
681 1984 787 2032 etsi
823 1997 1115 2047 perperam
1138 1982 1432 2033 Daeierius
1471 1998 1593 2032 cum
1628 1982 1733 2032 illa
1772 1983 2157 2049 conglutinare
2196 1985 2607 2050 transponendo
2634 1991 2691 2036 et

402 2066 726 2133 corrigendo
762 2065 964 2127 voluit,
1003 2072 1191 2118 tamen
1229 2067 1360 2130 quin
1395 2067 1699 2118 Messallae
1738 2068 1936 2134 auguri
1980 2069 2105 2136 ipsa
2145 2084 2359 2134 quoque
2396 2069 2691 2120 tribuenda

401 2154 500 2213 sit,
541 2153 653 2202 iarn
693 2152 919 2202 dubium
959 2167 1082 2202 esse
1121 2153 1333 2216 nequit.
1403 2152 1476 2202 At
1513 2152 1673 2203 datur
1722 2154 1891 2202 etiam
1933 2143 2083 2203 ultra
2129 2155 2366 2218 prodire.
2438 2155 2689 2218 Namque
2760 2208 2773 2218 ,

399 2238 448 2288 si
487 2253 609 2288 eum
649 2237 770 2286 loeo
809 2236 964 2286 modo
1006 2237 1178 2286 citato
1213 2236 1545 2286 conferimus
1582 2253 1633 2301 p.
1660 2239 1761 2286 290
1802 2242 2034 2302 ‘suppum
2059 2239 2254 2304 antiqui
2288 2239 2525 2288 dicebant
2550 2255 2693 2304 quem

400 2339 528 2372 nune
562 2323 791 2386 supinum
825 2323 1032 2372 dicimus
1068 2337 1138 2370 ex
1171 2337 1386 2384 graeco,
1422 2321 1657 2370 videlicet
1689 2337 1789 2386 pro
1827 2323 2182 2386 adspiratione
2212 2331 2467 2386 ponentes
2504 2323 2573 2388 (s)
2610 2327 2689 2374 lit-

401 2404 582 2466 teram‘,
620 2413 674 2455 ut
709 2422 815 2455 cum
850 2407 985 2457 idem
1019 2406 1166 2471 hylas
1204 2407 1376 2457 dicunt
1411 2413 1462 2456 et
1498 2422 1591 2458 nos
1624 2408 1801 2464 silvas,
1840 2409 1956 2458 item
1992 2404 2047 2459 ἕξ
2082 2423 2182 2459 sex
2206 2414 2257 2459 et
2282 2406 2425 2459 ἑπτά
2446 2413 2688 2473 septem‚·’

405 2496 460 2543 et
495 2508 549 2557 p.
587 2494 686 2542 293
725 2491 820 2553 (ef.
860 2490 1092 2555 Paulus)
1130 2491 1338 2550 ‘Semis‚
1377 2494 1653 2551 semodius,
1690 2495 1974 2550 semuncia3
2010 2510 2112 2559 qua
2146 2496 2347 2545 ratione
2384 2510 2454 2545 eae
2493 2495 2690 2545 Graeco

403 2578 671 2627 trahantur
707 2578 852 2625 eliam
887 2578 1016 2634 alia,
1055 2592 1184 2641 quae
1218 2592 1246 2626 s
1283 2578 1502 2628 litteram
1532 2592 1633 2641 pro
1671 2579 1987 2640 aspiratione
2024 2594 2195 2627 eoram
2230 2578 2431 2639 habent,
2470 2586 2525 2628 ut
2549 2576 2693 2629 ἑπτά

400 2668 614 2726 septem,
653 2659 782 2711 ὕλαι
815 2663 994 2720 silvae,
1039 2664 1114 2710 sie
1157 2651 1257 2709 ista
1302 2662 1364 2709 ab
1402 2677 1460 2711 eo
1501 2662 1638 2726 qaod
1680 2662 1755 2710 illi
1794 2658 1957 2723 ἤμιευ
2003 2664 2175 2711 dieunt
2221 2663 2477 2712 declinata
2512 2666 2694 2713 sunt’:
2766 2656 2773 2663 “

407 2751 644 2811 apparet
676 2744 818 2795 haee
856 2746 964 2795 tria
1003 2762 1068 2795 ex
1107 2743 1296 2796 eodem
1333 2746 1487 2796 fonte
1525 2746 1727 2795 hausta
1764 2760 1905 2798 esse.
1954 2745 2060 2808 Qui
2096 2746 2221 2796 fons
2258 2752 2354 2795 aut
2390 2746 2559 2797 fallor
2598 2752 2693 2797 aut

403 2832 510 2881 fuit
543 2829 844 2880 Messallae
881 2830 1022 2880 liber
1060 2830 1134 2879 de
1175 2846 1200 2879 s
1236 2829 1506 2891 littera,
1548 2844 1577 2879 e
1618 2844 1723 2893 quo
1761 2830 2033 2893 quaedam
2056 2830 2290 2895 protulit
2315 2830 2695 2893 Quintilianus

373 2916 429 2966 'I
467 2919 514 2977 7,
554 2919 620 2965 23
659 2916 731 2965 ef.
770 2915 850 2969 IX
885 2917 935 2974 4,
973 2917 1056 2965 38.
1096 2916 1121 2963 Ι
1158 2916 1203 2972 5,
1247 2918 1324 2964 15.
1385 2916 1731 2977 Quamquam
1767 2930 1877 2965 non
1910 2916 2107 2980 ignoro
2144 2916 2305 2966 huius
2343 2916 2471 2966 libri
2509 2920 2695 2967 aucto-

404 3016 518 3051 rem
555 3000 720 3065 vulgo
758 2998 869 3049 diei
903 3000 975 3052 M.
1016 2999 1364 3049 Valerium
1399 2997 1796 3049 Messallam
1837 2998 2219 3059 Corvinum,
2256 3000 2561 3052 Messallae
2600 3017 2695 3051 au-

405 3086 557 3151 guris
596 3101 662 3135 ex
698 3081 883 3133 fratre*
911 3083 1156 3149 patrueli
1191 3086 1450 3146 nepotem
1484 3108 1552 3117 —
1588 3098 1698 3133 non
1734 3082 1906 3132 filium
1952 3086 2013 3131 ut
2059 3083 2247 3147 placet
2282 3084 2697 3136 Graefenhanio

404 3171 550 3221 Hist.
599 3168 733 3233 phil.
777 3169 834 3218 II
871 3169 986 3219 374.
1035 3168 1112 3217 IV
1149 3171 1232 3221 60.
1273 3170 1368 3218 117
1403 3194 1497 3227 —,
1549 3167 1757 3217 clarum
1802 3167 2123 3232 Augusteae
2172 3170 2377 3220 aetatis
2422 3175 2697 3221 oratorem

407 3255 546 3319 (eos,
584 3252 992 3317 IOCCXXIH)‚
1032 3254 1317 3318 ipsumque
1354 3237 1757 3315 Quintilianum
1794 3252 1861 3301 de
1898 3253 2003 3303 hoc
2040 3258 2261 3305 oratore
2301 3256 2580 3320 cogitasse
2617 3256 2696 3307 vi·
2797 3275 2804 3283 ·

409 3342 607 3391 dentur
643 3342 872 3390 innuere
907 3340 1080 3389 verba
1115 3338 1143 3387 1
1170 3340 1218 3399 7,
1257 3341 1322 3388 35
1361 3342 1468 3387 ‘aut
1503 3339 1619 3387 ideo
1654 3340 1815 3387 minus
1838 3336 2088 3389 Messalla
2124 3341 2363 3391 riitidus
2398 3343 2517 3404 qaia
2552 3356 2699 3405 quos-

411 3428 525 3476 dam
561 3434 694 3477 totos
732 3426 925 3475 libellos
960 3439 1060 3473 non
1094 3423 1262 3473 verbis
1295 3424 1442 3475 modo
1479 3424 1713 3486 singulis,
1748 3424 1845 3473 sed
1879 3424 2029 3473 etiam
2066 3426 2251 3473 litteris
2286 3425 2464 3475 aedit)
2538 3425 2611 3475 ef.
2649 3425 2699 3473 X

411 3514 466 3573 1,
518 3514 612 3562 113
662 3515 679 3540 ‘
694 3518 749 3560 at
795 3509 1046 3558 Messalla
1092 3510 1340 3559 nitidus
1386 3516 1437 3558 et
1477 3509 1759 3558 candidus’
1810 3524 1855 3559 e.
1896 3524 1947 3571 q.
1987 3523 2031 3559 s.
2115 3508 2317 3559 Verum
2363 3524 2433 3558 ne
2482 3509 2697 3569 Quinti-

407 3596 547 3658 liani
595 3593 810 3662 quidem
846 3593 1140 3643 memoriae
1177 3593 1236 3642 in
1272 3592 1376 3643 tali
1415 3607 1615 3657 caussa
1651 3592 1813 3643 nimis
1854 3591 2137 3643 confidam.
2212 3592 2447 3644 Gravius
2485 3591 2700 3657 quidem

409 3681 556 3745 lapsi
597 3685 722 3729 sunt
771 3680 864 3741 qui
902 3678 971 3727 ad
1007 3676 1327 3727 Messallam
1367 3682 1640 3728 oratorem
1680 3677 1851 3726 etiam
1890 3678 2180 3742 auguralia
2218 3678 2427 3743 scripta
2472 3677 2698 3727 rettule-

239 3733 244 3737 =
310 3817 314 3820 ,
415 3769 542 3815 runt
585 3764 808 3814 Vossius
855 3763 922 3812 de
970 3762 1097 3811 hist.
1136 3762 1266 3814 Lat.
1311 3763 1337 3811 I
1385 3762 1448 3813 18
1493 3779 1546 3826 p.
1585 3764 1667 3812 89.
1716 3762 2007 3812 Harlesius
2052 3762 2261 3814 Introd.
2308 3762 2366 3811 in
2411 3761 2569 3813 notit.
2614 3762 2699 3811 lit.

414 3866 545 3900 rom.
572 3850 629 3899 II
654 3864 710 3913 p.
739 3850 852 3898 348.
893 3848 1226 3911 Passowiusg
1265 3846 1380 3905 alii,
1417 3851 1569 3896 recte
1607 3848 1787 3896 notati
1824 3863 1857 3896 a
1881 3846 2088 3897 Wiesio
2125 3846 2191 3897 de
2224 3848 2301 3899 M.
2324 3846 2536 3896 Valerii
2560 3846 2701 3895 Mes-

411 3934 590 3985 sallae
633 3932 1009 3983 Corvini-vita
1049 3935 1106 3981 et
1141 3930 1283 3992 stud.
1311 3932 1593 3981 doetrinae
1620 3930 1804 3983 Berol.
1834 3932 1963 3981 1829
1988 3948 2039 3995 p.
2070 3933 2149 3981 76.
2200 3932 2316 3981 Nee
2341 3944 2473 3980 vero
2498 3932 2702 3980 maiore

413 4020 532 4068 iure
579 4018 686 4067 XII
736 4017 1048 4067 tabularum
1094 4002 1268 4065 illam'
1301 4017 1752 4081 explanationem
1803 4019 1859 4066 et
1903 4016 2072 4065 libros
2120 4016 2186 4064 de
2234 4014 2399 4064 dietis
2453 4015 2713 4067 involute·

415 4104 592 4155 eidem
628 4102 912 4153 vindicant
947 4102 1093 4151 idem
1129 4101 1424 4151 Harlesius
1459 4117 1514 4166 p.
1540 4104 1639 4153 347
1679 4106 1734 4152 et
1768 4100 2064 4151 Fischer-us
2090 4099 2266 4152 Tabb.
2297 4100 2540 4151 chronol.
2566 4116 2697 4153 rom.

412 4191 633 4254 p..369‚
673 4203 834 4252 quam
869 4202 983 4237 rem
1021 4188 1086 4247 in*
1115 4186 1294 4237 medio
1330 4186 1595 4251 relinquit
1631 4187 1873 4237 Wiesius
1908 4185 1943 4238 l.
1972 4201 2020 4237 e.
2059 4185 2291 4237 Omnino
2327 4186 2703 4251 grammaticis

414 4274 610 4333 studiis
647 4271 968 4323 Messallam
1005 4270 1301 4324 Corvinum
1335 4298 1403 4308 —
1437 4286 1601 4337 quem
1639 4271 1981 4324 ‘Corvinum’
2020 4270 2348 4336 simpliciter
2381 4271 2585 4322 Festus
2622 4271 2701 4320 di-

417 4360 493 4409 cit
527 4375 578 4425 p.
617 4359 714 4409 359
749 4384 818 4395 --
852 4373 1076 4423 operam
1111 4372 1350 4409 navasse
1389 4358 1609 4409 aliunde
1656 4370 1767 4407 non
1815 4355 2073 4409 discimus
2108 4370 2287 4421 neque
2326 4372 2448 4408 eam
2482 4358 2541 4406 in
2576 4372 2699 4423 par-
