3016 4888
562 372 658 422 m:
702 370 1091 422 verumssvs
1136 369 1239 420 ΧΠ
1285 368 1710 422 TAanAuvu
1757 367 2324 421 m'rsnrnewevs.
2500 350 2580 420 37

470 526 563 592 At
603 548 685 591 ne
726 524 1103 589 ‘Valerius’
1148 525 1407 612 quidem
1449 548 1684 600 nomen
1721 534 1902 590 recte
1941 524 2055 590 illo
2098 524 2242 591 loco
2284 522 2581 589 additur:

298 651 429 717 quo
458 649 782 714 nusquam
810 627 1187 693 Messallam
1230 648 1546 712 augurem
1577 638 1841 693 auctum
1881 628 2174 692 invenies
2217 648 2346 691 non
2387 625 2584 691 modo
2677 652 2700 665 -

297 730 475 817 apud
506 732 776 795 Festum
790 780 808 813 ‚
862 729 979 794 sed
1024 752 1154 796 non
1197 730 1405 813 magis
1448 729 1624 815 apud
1655 728 1977 810 Gellium,
2009 728 2420 794 Macrobium
2467 726 2584 811 (cf.

298 832 433 900 Sat.
467 834 501 899 I
536 833 639 915 16)
684 831 950 898 aliosve.
1014 832 1206 895 Unde
1246 832 1379 895 iam
1410 829 1764 897 ‘Huschkio
1807 832 1944 896 Iur.
1977 842 2110 896 ant.
2155 828 2196 896 l.
2229 829 2271 895 l.
2303 852 2370 897 n.
2403 830 2444 893 9
2485 850 2585 895 su·

298 934 495 1021 spitio
526 943 628 999 est
657 944 817 999 nata
842 956 975 999 non
1004 932 1283 997 eundem
1312 955 1455 999 esse
1487 942 1682 1020 atque
1713 955 2031 1019 augurem
2059 932 2394 998 Valerium
2415 930 2586 996 Mes-

299 1033 563 1117 sallam,
596 1037 708 1123 qui
739 1034 825 1099 ad
855 1034 1067 1119 legem
1100 1034 1242 1101 XII
1270 1034 1642 1100 tabularum
1675 1044 1740 1100 et
1771 1035 1852 1101 de
1883 1035 2078 1100 dictis
2109 1025 2403 1100 involute
2433 1032 2587 1115 scri-

297 1138 524 1224 pserit.
584 1136 677 1201 At
703 1135 828 1202 hoc
856 1137 1236 1223 neutiquam
1266 1136 1532 1201 sufficit.
1592 1137 1760 1202 Nam
1789 1138 2006 1223 priore
2036 1136 2180 1203 loco
2213 1158 2370 1201 sane
2413 1135 2589 1200 idem

299 1247 429 1320 est,
472 1238 665 1305 modo
710 1261 793 1303 ne
823 1237 1234 1304 ‘Valerium'
1262 1248 1501 1305 temere
1542 1240 1819 1305 inferas:
1872 1238 2075 1305 altero
2118 1238 2263 1306 loco
2303 1260 2386 1302 ne
2415 1236 2586 1301 Mes-

300 1339 465 1407 salla
494 1330 760 1427 quidem
790 1351 914 1423 est,
946 1363 1139 1427 quem
1169 1341 1333 1408 adeo
1364 1340 1570 1406 nimia
1597 1340 1994 1407 liberalitate
2024 1340 2364 1426 utriusque
2393 1336 2589 1403 simul

300 1443 531 1530 scripti
561 1451 891 1508 auctorem
922 1465 1065 1507 esse
1094 1441 1459 1509 voluerunt.
1534 1443 1760 1531 Neque
1801 1444 1976 1509 enim
2017 1442 2192 1529 quod
2224 1441 2462 1507 dicitur
2492 1444 2589 1502 ‘in

298 1566 377 1610 eo
425 1550 577 1609 libro
626 1551 732 1624 qui
763 1550 854 1608 ‘de
908 1549 1080 1611 dictis
1132 1551 1390 1616 involute
1438 1550 1841 1627 inscribitur-⁹,
1896 1544 2050 1609 inde
2100 1544 2394 1630 sequitur
2437 1564 2602 1607 eun—-

188 1632 195 1645 ’
301 1645 451 1711 dem
495 1647 880 1733 scriptorem
922 1646 1082 1713 diei:
1129 1647 1215 1710 cf.
1256 1646 1449 1713 modo
1491 1671 1555 1734 p.
1597 1648 1726 1713 289
1765 1672 1827 1713 v.
1875 1651 2139 1724 ‘referri
2150 1654 2196 1710 '.
2257 1648 2592 1708 ‘Veranius

292 1755 364 1812 .ιή
402 1768 483 1813 eo
510 1753 617 1827 qui
652 1758 740 1812 est
765 1750 1199 1828 auspiciorum’
1251 1758 1317 1813 et
1346 1772 1411 1814 v.
1443 1754 1462 1783 ‘
1482 1759 1657 1813 reus’
1705 1754 1972 1814 ‘Sinnius
2001 1756 2066 1812 in
2102 1768 2182 1813 eo
2219 1764 2391 1828 quem
2429 1751 2590 1811 scri-

293 1857 447 1931 psit'
480 1896 497 1915 .
530 1899 544 1912 .
578 1898 593 1912 .
688 1849 1066 1915 Macrobius
1117 1850 1255 1915 Sat.
1294 1851 1432 1916 ἸΙΙ
1494 1852 1536 1915 6
1552 1892 1602 1933 ,-
1642 1851 1720 1915 14
1775 1856 2107 1915 ‘Veranius
2162 1854 2592 1930 pontificalium

296 1972 383 2017 eo-
406 1956 559 2017 libro
596 1972 767 2030 quem
801 1956 963 2029 facit
998 1958 1074 2016 de
1102 1956 1722 2033 Supplicationibus;’
1764 1958 1797 2017 I
1829 1954 1897 2035 9,
1937 1952 2013 2017 13
2044 1951 2127 2017 al.
2207 1950 2405 2033 Quod
2445 1959 2591 2014 utut

301 2078 370 2118 se
423 2054 655 2133 habet,
710 2056 835 2117 hoc
878 2062 1127 2117 certum
1178 2064 1281 2119 est
1335 2078 1546 2141 neque
1597 2054 1705 2119 hic
1765 2076 1975 2141 neque
2037 2078 2103 2141 p.
2150 2053 2278 2118 355
2317 2050 2590 2118 Messal-

301 2144 433 2221 lam
486 2155 709 2236 citari,
755 2154 870 2219 sed
908 2152 1318 2219 Valerium
1357 2191 1439 2203 —
1482 2157 1607 2221 etsi
1650 2159 1733 2220 de
1775 2156 1979 2220 altero
2021 2154 2162 2219 loco
2202 2176 2285 2217 ne
2338 2152 2408 2217 id
2453 2153 2590 2237 qui-

310 2256 456 2322 dem
494 2256 759 2321 decerni
790 2256 963 2349 licet.
1001 2293 1071 2303 -
1108 2256 1201 2321 At
1236 2258 1499 2343 quinam
1533 2257 1619 2321 sit
1648 2256 1758 2323 ille
1799 2256 2135 2339 Valerius,
2177 2256 2288 2342 qui
2328 2255 2593 2341 scripsit

303 2358 448 2423 XII
490 2358 1051 2444 explanationem,
1083 2379 1187 2421 res
1220 2368 1321 2423 est
1348 2357 1556 2444 {plena
1597 2360 2051 2426 dubitationis.
2138 2356 2422 2423 Notatur
2451 2357 2591 2443 qui·

304 2458 451 2526 dem
502 2483 545 2524 a
581 2461 883 2525 Varrone
924 2459 1005 2524 de
1057 2457 1099 2523 l.
1144 2458 1187 2523 l.
1229 2459 1364 2524 VII
1402 2461 1486 2525 65
1528 2460 1834 2526 Valerius
1896 2461 2162 2548 quidam
2221 2459 2594 2534 Plautinum

303 2584 529 2627 vocem
598 2563 1063 2648 interpretatus
1137 2565 1156 2596 ‘
1171 2567 1568 2641 scrupipedas
1626 2567 1903 2628 Aurelius
1960 2569 2165 2628 scribit
2219 2567 2296 2626 ab
2350 2557 2596 2626 scauri-

299 2669 461 2743 peda
489 2713 503 2726 .
542 2712 554 2725 .
590 2713 601 2726 .
639 2713 653 2727 .
703 2668 1047 2728 Valerius
1078 2683 1117 2726 α
1142 2669 1299 2744 pede
1326 2685 1401 2728 ac
1428 2670 1746 2745 scrupea':
1778 2687 1818 2729 a
1847 2688 1974 2752 quo
2006 2664 2191 2730 illum
2220 2686 2350 2730 non
2382 2661 2590 2728 diver-

304 2787 447 2829 sum
474 2785 619 2830 esse
648 2765 717 2829 in
746 2763 885 2830 alta
924 2777 1293 2831 ceterorum
1333 2765 1614 2831 fontium
1643 2767 1984 2831 reticentia
2013 2775 2156 2830 tuto
2189 2764 2591 2830 existimabi-

302 2889 467 2930 mus.
532 2867 593 2930 A
627 2867 920 2932 Varrone
962 2875 1182 2930 autem
1226 2866 1308 2947 Q.
1349 2866 1762 2932 Valerium
1805 2867 2190 2932 Soranum
2232 2866 2593 2950 significari

304 2976 565 3054 poetam
607 2966 941 3032 Ciceronis
981 2966 1371 3032 familiarem
1406 2969 1620 3052 (Brut.
1650 2969 1757 3052 46,
1796 2968 1977 3054 169),
2021 2969 2206 3034 cuius
2249 2969 2333 3033 ab
2365 2968 2591 3033 eodem

300 3070 597 3133 Varrone
626 3079 1023 3135 memoratur
1053 3068 1302 3134 dictum
1331 3070 1469 3135 VII
1498 3072 1578 3135 31
1613 3077 1805 3134 ‘vetus
1832 3077 2052 3150 adacio
2080 3081 2181 3142 est,
2212 3091 2247 3134 ο
2281 3076 2344 3133 P.
2361 3074 2593 3148 Scipio’

304 3181 370 3236 et
408 3171 817 3253 grammatici
876 3172 1246 3254 argumenti
1289 3194 1521 3236 versus
1567 3171 1634 3236 X
1677 3174 1759 3237 70
1801 3179 2040 3237 ‘Accius
2078 3177 2392 3236 Hectorem
2443 3177 2598 3234 nolet

297 3277 542 3349 facere,
576 3275 835 3335 Hectora
873 3279 1087 3336 malet'
1120 3311 1203 3320 -
1241 3274 1397 3337 item
1439 3273 1641 3358 prisci
1683 3273 1990 3343 vocabuli
2023 3281 2042 3310 θ
2059 3272 2363 3338 flavisae'
2397 3273 2593 3336 inter-

302 3373 581 3460 pretatio
614 3375 750 3459 (ap.
783 3371 1069 3438 Gellium
1098 3375 1168 3438 ΙΙ
1204 3375 1301 3458 10,
1335 3374 1439 3458 3),
1470 3373 1650 3439 haud
1677 3376 1900 3461 inepta
1928 3374 2181 3460 Meyeri
2225 3374 2596 3439 coniectura
2685 3401 2714 3456 χ

305 3485 405 3542 est
446 3474 529 3540 ad
562 3471 750 3541 Brut.
784 3469 837 3540 'l.
872 3498 928 3541 c.
945 3475 1037 3562 ¹),
1084 3496 1231 3541 cum
1272 3476 1656 3561 praesertim
1702 3477 1927 3542 Cicero
1974 3475 2056 3541 de
2099 3497 2194 3542 or.
2228 3475 2336 3540 III
2371 3476 2443 3538 11
2463 3523 2480 3556 ,
2513 3477 2594 3538 43

305 3736 416 3782 tem
461 3731 653 3783 valent
700 3747 840 3798 quae
886 3733 952 3784 de
1011 3735 1164 3784 vocis
1200 3735 1532 3786 ‘litterator’
1569 3749 1671 3785 usu
1721 3751 1787 3785 ex
1835 3734 2089 3800 epistulis
2136 3735 2254 3784 eius
2299 3733 2596 3785 Suetonius

308 3816 474 3866 affert
507 3816 575 3867 de
613 3817 692 3869 ill.
734 3832 959 3882 gramm.
998 3835 1045 3870 c.
1074 3822 1125 3869 4.
1200 3819 1489 3871 Caeterum
1525 3824 1752 3885 praeter
1787 3817 1916 3870 illas
1954 3819 2020 3870 de
2060 3819 2252 3885 quibus
2292 3818 2450 3868 modo
2485 3818 2597 3866 dixi

305 3901 462 3951 Festi
506 3902 717 3968 glossas
764 3903 932 3954 etiam
978 3920 1029 3970 p.
1070 3905 1169 3964 161,
1200 3921 1251 3957 v.
1295 3908 1357 3955 10
1394 3905 1667 3956 Minorum=
1691 3906 1983 3970 pontificum
2029 3908 2087 3956 et
2129 3919 2182 3954 v.
2223 3905 2288 3954 18
2331 3905 2596 3953 maximum

303 3993 595 4050 praetorem
640 3987 709 4037 ad
756 3987 1077 4038 Messallam
1122 4003 1413 4054 augurem,
1460 3990 1616 4040 cuius
1674 3989 1879 4040 ibidem
1935 3994 2023 4040 est
2074 4005 2125 4043 v.
2163 3992 2228 4039 2⁷
2274 3989 2594 4052 Mar-specii&

306 4072 623 4122 revocanda
654 4071 936 4124 videnturz
985 4072 1204 4123 scilicet
1244 4074 1527 4125 simillima
1574 4090 1761 4125 eorum
1805 4089 1948 4139 quae
1996 4075 2066 4125 ab
2115 4073 2307 4125 eodem
2343 4074 2596 4139 profecta

308 4160 501 4205 extant
544 4171 597 4220 p.
639 4157 733 4206 157
781 4157 993 4209 Minora
1047 4160 1261 4224 itemque
1306 4160 1501 4210 maiora
1548 4162 1779 4225 auspicia
1833 4165 1888 4210 et
1934 4159 2154 4225 plenius
2201 4163 2461 4210 enarrata
2507 4173 2593 4224 ap.

310 4239 546 4290 Gellium
582 4239 720 4291 XIII
757 4243 838 4295 15.

443 4323 485 4387 ¹)
524 4326 868 4390 Quamquam
914 4344 1019 4392 quo
1053 4329 1103 4379 is
1145 4329 1265 4380 iure
1303 4345 1370 4380 ex
1405 4329 1506 4381 illo
1543 4330 1664 4381 loco
1701 4331 1964 4382 Varronis
2018 4331 2118 4381 VH
2153 4331 2220 4381 65
2265 4345 2369 4379 con
2408 4327 2596 4378 cludat

306 4411 610 4463 Varronem
645 4410 854 4464 Valerii
891 4411 979 4464 ‘de
1016 4413 1211 4480 lingua
1246 4414 1445 4469 latina’
1482 4413 1640 4470 libris
1673 4429 1830 4470 usum
1867 4413 2044 4471 videri
2081 4430 2189 4472 non
2223 4421 2403 4488 magis
2442 4427 2591 4465 asse-
