3016 4888
776 340 871 387 DE
918 339 1290 389 DVODEcm
1335 339 1764 388 TABVLARVM
1807 340 2153 389 MEMORIA.
2575 331 2613 394 7

314 495 615 575 tinerent,
632 502 747 558 aut
768 502 1201 559 commutatae
1227 502 1341 557 aut
1361 493 1696 560 oblivione
1717 494 2134 561 oblitteratae
2156 507 2396 563 essent.
2419 498 2612 565 Unde

313 596 492 683 quod
534 606 723 662 sexto
766 594 1026 662 saeculo
1067 596 1456 681 interpretes
1488 594 1851 662 extiterunt
1890 596 2054 683 legis
2086 597 2240 663 Sex.
2271 597 2500 665 Aelius
2544 610 2611 665 et

314 700 396 765 L.
440 698 727 780 Acilius,
773 720 979 784 aeque
1021 697 1391 784 explicatur
1448 706 1648 785 atque
1699 698 1876 785 quod
1925 698 2137 764 eidem
2181 698 2263 764 (16
2304 700 2612 766 vocabuli

315 808 337 838 θ
356 808 583 865 Ιεεεαε’
628 800 891 866 notione
932 800 1183 864 frustra
1224 800 1796 888 quaesiverunt1),
1840 801 2010 865 sicut
2057 810 2290 887 postea
2336 801 2420 867 ab
2462 801 2612 867 aliis

312 902 684 990 quaesitum
722 913 825 968 est
869 899 949 966 de
982 900 1334 968 Sanatibus
1378 912 1443 967 et
1472 902 1730 967 Forctis
1744 950 1762 983 ,
1794 901 1876 967 de
1907 908 2142 982 ‘pedem
2171 910 2378 967 struit’
2412 913 2536 968 etc.
2553 903 2606 990 ²)

316 1002 584 1070 Scilicet
624 1003 710 1068 ad
763 1004 978 1069 fontes
1023 1012 1091 1068 et
1132 1002 1546 1086 indagandos
1597 1013 1662 1069 et
1704 1004 2186 1071 exhauriendos
2242 1006 2417 1070 omni
2469 1014 2610 1070 tum

314 1105 689 1172 adiumento
721 1104 1070 1171 destitutos
1100 1105 1307 1171 fuisse
1336 1106 1668 1171 Romanos
1713 1106 1874 1172 satis
1906 1105 2105 1173 etiam
2145 1106 2411 1173 aliunde
2441 1130 2608 1173 com-

313 1208 624 1298 perimus.
926 1276 929 1281 ,

485 1308 791 1375 Ceterum
839 1308 937 1375 illi
976 1308 1402 1376 iureconsulti
1442 1332 1644 1397 opera
1683 1332 1805 1376 sua
1848 1310 1981 1396 legi
2029 1310 2488 1399 explanandae
2539 1322 2608 1377 et

312 1432 463 1477 cum
491 1412 901 1498 provectiore
939 1412 1099 1477 iuris
1144 1412 1417 1476 scientia
1447 1412 1898 1478 conciliandae
1927 1414 2264 1499 impertita
2305 1413 2430 1478 etsi
2459 1436 2605 1498 gran

312 1522 451 1579 tum
480 1512 696 1579 faeere
724 1512 967 1601 populo
996 1514 1099 1579 ius
1130 1515 1464 1579 exercenti
1495 1514 1687 1579 enixe
1730 1514 2152 1597 studuerunt,
2195 1523 2415 1580 tamen
2444 1523 2603 1579 tem-

311 1615 490 1702 poris
522 1616 835 1701 iniquitas
868 1614 1112 1696 effecit,
1153 1624 1228 1679 ut
1265 1616 1399 1679 iam
1437 1616 1567 1701 ipsi
1610 1617 1829 1702 potius
1875 1616 2008 1701 legi
2052 1638 2240 1703 quam
2286 1617 2630 1682 communi·

311 1716 461 1781 usui
490 1714 903 1781 consuluisse
933 1716 1337 1783 viderentur.
1387 1716 1686 1804 Namque
1717 1739 2136 1784 succrescens
2171 1720 2243 1783 in
2273 1718 2413 1783 dies
2443 1718 2610 1783 iuris

312 1819 587 1883 materia
614 1838 766 1883 cum
795 1818 988 1883 nimis
1020 1825 1466 1885 coarctaretur
1495 1821 1691 1885 certis
1720 1818 1886 1905 legis
1919 1827 1984 1885 et
2013 1820 2345 1886 actionum
2369 1820 2610 1887 finibus

312 1918 651 2002 restricta,
703 1918 858 1984 inde
898 1942 939 1985 a
979 1921 1255 2007 septimo
1308 1919 1572 1985 saeculo
1627 1921 2014 2007 supergredi
2059 1922 2219 1987 fines
2280 1930 2613 2009 tamquam

314 2021 525 2085 amnis
556 2021 885 2085 inundans
918 2022 1153 2106 coepit.
1212 2020 1421 2085 Simul
1452 2031 1644 2086 aucta
1672 2023 1992 2110 novisque
2023 2024 2258 2089 studiis
2289 2024 2612 2090 instructa

250 2162 259 2172 ·
315 2121 737 2209 prudentium
781 2122 1079 2186 doctrina
1115 2120 1355 2186 laetius
1400 2121 1886 2189 efflorescebat:
1945 2146 2110 2210 quae
2149 2148 2390 2191 novam
2432 2126 2610 2191 viam

316 2244 401 2287 ex
424 2222 826 2287 Graecorum
856 2222 1222 2287 imitatione
1252 2223 1550 2307 ingressa
1569 2223 1938 2290 absolutam
1969 2246 2047 2290 ac
2075 2248 2194 2313 per
2223 2248 2294 2290 se
2324 2236 2610 2292 stantem

313 2323 475 2391 iuris
518 2322 731 2389 civilis
785 2322 1295 2411 descriptionem
1344 2325 1668 2391 conficere
1711 2348 1911 2415 quam
1961 2327 2318 2393 subsistere
2364 2329 2432 2392 in
2485 2350 2611 2392 usu

314 2426 637 2491 maiorum
675 2426 1042 2492 inveterato
1086 2425 1395 2493 malebat.
1412 2427 1465 2514 3)
1528 2428 1760 2514 Itaque
1796 2427 1942 2514 lege
1982 2419 2270 2494 Aebutia
2311 2429 2608 2496 sublatae

315 2537 471 2593 sunt
500 2527 663 2613 legis
697 2528 1022 2593 actiones:
1057 2550 1187 2614 qua
1214 2526 1357 2614 lege
1386 2525 1524 2593 lata
1552 2534 1835 2596 ‘omnem
1867 2529 2048 2595 illam
2071 2529 2213 2594 XII
2237 2531 2608 2598 tabularum

314 2628 773 2716 antiquitatem
801 2629 931 2693 nisi
954 2630 1023 2692 in
1053 2629 1217 2715 legis
1242 2631 1610 2696 actionibus
1633 2631 2204 2698 centumviralium
2227 2655 2606 2700 caussarum

314 2731 725 2817 consopitam
746 2738 911 2795 esse'
935 2731 1180 2816 gaudet
1202 2732 1683 2799 iureconsultus
1708 2733 1885 2818 apud
1909 2732 2201 2799 Gellium
2219 2734 2303 2798 N.
2330 2736 2412 2799 A.
2439 2735 2609 2799 XVI

318 2833 419 2913 10,
452 2833 513 2898 8.
528 2833 583 2917 ⁴)
645 2833 815 2897 Tum
856 2830 985 2898 alia
1026 2831 1233 2898 multa
1262 2855 1347 2898 ex
1375 2833 1520 2918 lege
1551 2855 1697 2899 cum
1726 2833 1861 2899 iam
1896 2833 2110 2900 minus
2141 2833 2611 2921 responderent

315 2933 582 2999 mutatis
616 2933 929 3019 temporis
959 2934 1360 3018 rationibus,
1391 2935 1763 3000 necessario
1794 2935 1903 3002 vel
1935 2936 2299 3002 deserenda
2329 2935 2604 3002 velmor-

311 3034 589 3120 rigenda
617 3035 910 3100 fuerunt:
942 3044 1019 3100 ut
1046 3035 1334 3102 reductis
1366 3059 1443 3102 ea
1472 3046 1690 3101 aetate
1720 3037 1982 3102 assibus
2006 3038 2425 3124 pecuniariae
2454 3060 2604 3124 poe-

312 3159 437 3201 nae
476 3135 731 3201 iniuriis
776 3145 1063 3203 statutae
1107 3138 1245 3203 fere
1284 3140 1516 3202 inanes
1569 3160 1647 3203 ac
1688 3139 2007 3204 ridiculae
2062 3139 2360 3205 redditae
2414 3147 2596 3203 sunt:

320 3259 452 3326 qua
482 3238 574 3312 ,(16
616 3245 882 3302 re‘nota
924 3248 1074 3304 sunt
1117 3261 1284 3327 quae
1337 3239 1419 3303 de
1460 3239 1537 3304 L.
1582 3237 1857 3305 Veratio
1899 3240 2227 3305 Antistius
2270 3239 2494 3305 Labeo
2537 3240 2608 3303 in

309 3337 499 3405 libris
545 3338 631 3404 ad
672 3337 813 3405 XII
858 3340 1117 3406 tabulas
1162 3341 1553 3428 conscriptis
1604 3341 1809 3406 refert
1861 3341 2260 3427 transcripta
2309 3362 2350 3404 a
2389 3339 2605 3406 Gellio

315 3439 453 3505 XX
486 3442 545 3524 1,
582 3443 659 3506 13
692 3464 790 3528 sq.
805 3443 859 3528 5)
924 3441 1070 3522 Quo
1102 3441 1350 3508 factum
1380 3453 1503 3524 est,
1536 3454 1610 3508 ut
1637 3443 2040 3529 pedetentim
2071 3442 2201 3509 alia
2228 3463 2306 3508 ac
2333 3465 2508 3508 nova
2535 3443 2606 3504 in

452 3697 491 3761 ¹)
532 3697 730 3750 Cicero
767 3698 834 3748 de
872 3698 981 3762 leg.
1021 3700 1077 3749 Π
1116 3703 1198 3764 23,
1237 3700 1321 3750 59.

449 3782 493 3844 ²)
533 3784 607 3834 cf.
644 3783 800 3848 Fest.
836 3800 888 3849 p.
926 3785 1042 3834 321.
1081 3800 1131 3849 p.
1168 3787 1287 3837 310.

450 3867 491 3930 ⁸)
532 3869 605 3918 cf.
643 3867 1009 3919 Mommsenus
1045 3869 1115 3916 H.
1154 3869 1219 3918 R.
1258 3869 1315 3920 11
1350 3886 1403 3935 p.
1438 3869 1542 3919 459
1579 3867 1661 3918 6(1.
1699 3870 1746 3919 2.

448 3950 491 4017 ⁴)
531 3953 605 4004 cf.
647 3952 820 4004 Gaius
855 3953 990 4002 Inst.
1015 3953 1094 4003 IV
1130 3955 1195 4004 30
1231 3967 1314 4016 sq.
1354 3954 1511 4003 cuius
1549 3967 1824 4003 consensu
1860 3957 2009 4003 certo
2049 3952 2291 4004 efficitur
2328 3951 2506 4004 oleum
2545 3957 2601 4002 et
2643 3950 2648 3958 '

274 4029 281 4034 ’
318 4052 541 4102 operam
578 4037 884 4104 perdidisse
923 4038 1016 4102 qui
1053 4036 1224 4088 talem
1260 4039 1375 4088 vim
1410 4052 1521 4087 non
1559 4051 1680 4087 esse
1719 4040 1776 4088 et
1798 4037 1940 4102 legis
1965 4036 2239 4087 Aebutiae
2277 4041 2334 4086 et
2362 4035 2604 4088 Gelliani

316 4121 619 4174 testimonii
652 4121 840 4172 multis
875 4121 1062 4173 verbis
1098 4122 1381 4173 contendit
1411 4123 1493 4173 Io.
1519 4122 1642 4173 Nic.
1667 4121 1946 4171 Funccius
1983 4121 2050 4170 de
2086 4121 2212 4187 lege
2248 4121 2486 4172 Aebutia
2524 4121 2600 4170 le-

316 4221 440 4272 gum
476 4207 582 4256 XII
618 4207 828 4256 tabulis
875 4223 985 4258 non
1020 4206 1341 4271 derogante.
1396 4206 1632 4257 Rintelii
1668 4206 1818 4259 1744.
1863 4207 1914 4256 4.
1987 4206 2104 4257 Cet.
2140 4205 2249 4258 vid.
2285 4203 2601 4257 Rudorffius
2713 4186 2719 4192 ⁵

315 4291 372 4340 in
406 4290 552 4341 Hist.
593 4291 693 4341 iur.
732 4305 864 4343 rom.
900 4293 929 4342 Ι
962 4307 1015 4356 p.
1055 4294 1169 4343 104.
1208 4293 1322 4344 106.

458 4371 501 4441 ⁵)
540 4374 756 4426 Abusus
794 4378 879 4424 est
913 4375 1019 4425 hac
1055 4375 1475 4428 narratiuncula
1508 4374 1832 4426 Huschkius
1862 4375 1921 4424 in
1959 4375 2102 4426 libro
2139 4375 2356 4430 ‘Gaius’
2392 4391 2447 4442 p.
2487 4373 2602 4439 12⁵1,
