3016 4888
1053 1099 1416 1267 'CAPVT
1470 1191 1894 1268 PRIMVM.

533 1415 657 1506 DE
697 1338 1224 1519 '‘DVODECIM
1293 1412 1898 1508 TABVLARVM
1964 1375 2423 1510 MEMORIA.

509 1669 656 1732 Lex
697 1658 1053 1731 duodecim·
1094 1667 1466 1732 tabularum
1518 1691 1561 1732 a
1600 1668 1992 1741 decemviris
2036 1691 2095 1734 a.
2122 1693 2202 1734 u.
2248 1669 2525 1734 OGOIII
2565 1679 2632 1734 et

341 1767 608 1832 OCGIV
649 1768 943 1849 condita,
989 1790 1046 1832 a.
1081 1767 1312 1835 COCV
1355 1769 1432 1832 L.
1463 1769 1734 1836 Valerio
1777 1771 1867 1835 M.
1911 1771 2189 1836 Horatio
2234 1792 2365 1835 eos,
2410 1772 2478 1834 in
2520 1793 2631 1834 aes

341 1869 551 1936 incisa
585 1869 848 1954 publice
888 1871 1226 1956 proposita
1265 1880 1364 1936 est
1396 1858 1667 1955 (Livius
1699 1873 1805 1937 111
1842 1874 1944 1952 57,
1980 1873 2081 1936 10.Δ
2122 1871 2460 1938 Diodorus
2492 1872 2635 1936 XII

341 1971 475 2055 26).
553 1969 684 2036 Sed
726 1981 878 2056 post
917 1995 1120 2038 annos
1165 1972 1513 2057 sexaginta
1570 1983 1762 2060 capta
1805 1996 1845 2037 a
1886 1973 2101 2038 Gallis
2152 1974 2314 2039 urbe
2367 1974 2631 2040 tabulae

343 2094 586 2136 aeneae
617 2073 758 2137 sive
788 2063 1090 2138 incendio
1122 2074 1511 2158 absumptae
1542 2075 1683 2138 sive
1706 2075 1878 2139 inter
1906 2075 2223 2161 praedam
2253 2083 2631 2160 asportatae

339 2174 732 2246 interierunt
748 2193 772 2236 τ·
818 2195 1026 2260 neque
1071 2174 1242 2238 enim
1283 2173 1416 2238 alia
1467 2175 1597 2239 diei
1640 2183 1859 2260 potest
1899 2175 2077 2240 Livii
2120 2197 2265 2240 esse
2307 2176 2633 2240 sententia

342 2275 466 2338 etsi
507 2275 681 2340 iusto
716 2268 794 2338 ea
826 2275 1095 2340 brevius
1127 2297 1443 2362 expressa
1471 2273 1691 2342 verbis
1722 2276 1901 2341 hisee
1932 2275 2035 2340 VI
2066 2277 2125 2358 1,
2158 2275 2199 2339 9
2228 2298 2325 2360 sq.
2370 2279 2482 2340 ‘Hi
2510 2276 2631 2359 (sc.

342 2375 591 2444 tribuni
622 2376 996 2441 consulares
1029 2385 1418 2465 recuperata
1449 2378 1614 2443 urbe
1645 2377 1877 2463 creati)
1910 2427 1925 2442 .
1947 2425 1963 2440 .
1981 2427 1996 2442 .
2017 2427 2032 2442 .
2064 2385 2233 2442 nulla
2264 2383 2341 2441 de
2366 2399 2435 2442 re
2452 2384 2634 2459 prius

347 2498 524 2555 quam
557 2483 631 2541 de
660 2483 1047 2555 reliqionibus
1075 2492 1344 2543 senatum
1373 2487 1739 2543 consuluere.
1801 2485 1879 2542 In
1903 2486 2117 2558 primis
2140 2485 2403 2556 foedera
2432 2500 2509 2543 ae
2536 2488 2631 2544 le-

338 2600 444 2657 qes
481 2617 551 2627 -—
587 2590 777 2643 erant.
792 2590 990 2643 autem
1031 2601 1140 2645 eae
1181 2586 1491 2645 duodecim
1534 2586 1773 2645 tabulae
1809 2592 1868 2645 et
1904 2586 2199 2659 quaedam
2228 2588 2435 2659 regiae
2474 2588 2632 2659 {eyes

346 2718 422 2728 —-
454 2688 730 2759 conquiri
755 2702 908 2761 quae
936 2694 1338 2761 comparerent
1365 2688 1707 2747 iusserunt?
1730 2683 1779 2768 1)
1814 2682 1896 2747 ef.
1930 2686 1970 2763 ξ
1999 2684 2059 2747 2.
2114 2682 2437 2747 Nimirum
2467 2682 2629 2767 ipsis

339 2781 585 2847 tabulis
627 2782 990 2869 deperditis
1034 2786 1334 2871 exempla
1371 2784 1480 2857 hie
1520 2784 1655 2847 illic
1710 2794 1973 2849 servata
2025 2782 2393 2867 colligenda
2446 2804 2630 2847 cura-

240 2964 247 2968 ·
341 2893 519 2965 runt,
563 2884 800 2969 quibus
844 2884 929 2947 ad
967 2884 1490 2971 pervulgandam
1532 2884 1747 2971 legem
1792 2895 2149 2951 uterentur.
2208 2884 2428 2971 ‘Atqui
2478 2884 2633 2948 hine

342 3007 476 3049 non·
503 2984 796 3069 sequitur
826 2986 1008 3072 quod⁴
1033 2988 1228 3071 vulgo
1261 2988 1569 3073 occupari
1598 2988 1792 3054 video
1835 3008 2073 3051 aeneas
2118 2987 2327 3051 denuo
2370 2985 2629 3071 refiotas

343 3108 487 3151 esse
515 3085 659 3150 XII
688 3079 978 3153 tabulas:
1023 3084 1314 3175 id‘quod
1352 3112 1476 3154 neo
1516 3088 1721 3154 tradit
1746 3089 1977 3153 Livius
2018 3110 2138 3153 nec
2169 3088 2451 3153 sensisse
2480 3108 2649 3151 eum·

344 3188 564 3273 arguit
590 3188 814 3253 iuncta
843 3211 989 3253 eum
1019 3190 1159 3254 XII
1188 3190 1428 3257 tabulis
1460 3190 1682 3275 legum
1722 3190 2047 3275 regiarum
2090 3190 2357 3255 mentiO.
2414 3189 2630 3254 Immo

345 3290 523 3375 quod
563 3288 790 3353 statim
829 3289 1016 3354 addit
1059 3296 1209 3355 ‘alia
1251 3314 1330 3355 ex
1375 3298 1460 3355 eis
1503 3297 1715 3355 edita
1756 3298 1979 3355 etiam
2018 3298 2099 3355 in
2144 3299 2437 3369 volqua-
2477 3312 2633 3369 quae

343 3404 538 3455 autem
567 3396 654 3454 ad
679 3411 860 3455 saera
878 3398 1290 3471 pertinebant,
1324 3413 1364 3455 a
1385 3398 1763 3473 pontificibus
1791 3399 2083 3469 maxime,
2114 3402 2179 3457 ut
2206 3398 2493 3470 reliqione
2521 3396 2630 3455 oh·-

341 3500 570 3556 strietos
593 3496 881 3557 haberent
898 3489 1286 3557 multitudinis
1311 3501 1559 3575 animm,
1584 3500 1931 3573 suppressa'
1961 3532 2048 3570 -ς
2075 3494 2311 3581 quibus
2336 3494 2631 3579 apprime

343 3594 652 3660 convenit
681 3595 855 3680 quod
878 3594 1102 3661 Cicero
1133 3596 1220 3659 ad
1243 3598 1384 3661 Att.
1408 3596 1511 3660 VI
1539 3597 1596 3677 1,
1622 3596 1662 3659 8
1694 3618 1779 3659 ex
1809 3594 2152 3659 annalistis
2184 3596 2389 3660 refert
2418 3594 2631 3659 occul·

345 3705 549 3760 tatam
579 3696 781 3760 fuisse
814 3696 1101 3783 quodam
1129 3706 1424 3783 tempore
1456 3720 1602 3762 eam
1631 3697 1927 3763 tabulam
1968 3718 2135 3784 quae
2176 3698 2389 3761 fastos
2432 3696 2629 3760 conti·

344 3806 527 3863 neret
556 3820 596 3862 a
579 3776 745 3862 Cn.
773 3797 1007 3864 Flavio
1039 3808 1271 3885 postea
1294 3800 1587 3885 prolatos
1611 3799 1696 3885 ²):
1733 3800 1827 3865 eis
1858 3800 2148 3865 maxime
2178 3798 2263 3863 de
2289 3797 2631 3885 publicata

478 4020 520 4089 1)
556 4023 704 4073 Hine
742 4026 924 4073 autem
961 4036 1066 4086 quo
1102 4022 1221 4072 iure
1261 4023 1430 4073 etiam
1456 4024 1792 4074 contrarium
1818 4022 1967 4073 effici
1990 4037 2151 4089 posse
2176 4025 2389 4075 statuat
2410 4020 2630 4072 Puehta

343 4107 524 4157 Instit.
561 4102 590 4155 1
624 4107 654 4167 ἕ
689 4108 754 4157 55
790 4122 844 4172 p.
882 4108 1004 4169 192,
1044 4121 1153 4157 non
1187 4106 1366 4161 video.

413 4204 416 4207 ’
477 4191 521 4256 ²)
558 4191 678 4241 Non
716 4195 800 4241 est
835 4191 1006 4256 igitur
1043 4206 1140 4241 eur
1175 4191 1244 4241 ad
1281 4192 1465 4257 regias
1501 4196 1716 4241 tantum
1760 4192 1917 4257 leges
1954 4192 2105 4243 Livii
2146 4192 2321 4243 verba
2368 4203 2490 4243 eum
2532 4203 2629 4241 no·

341 4275 566 4327 vissimo
605 4275 814 4326 editore
851 4276 1083 4329 referas.
1152 4277 1236 4327 Ne
1273 4292 1340 4326 ex
1378 4276 1664 4327 Ciceronis
1713 4276 1931 4341 quidem
1976 4266 2100 4327 loeo
2147 4275 2299 4327 aliud
2334 4274 2629 4339 quidquam

344 4360 642 4415 concludas
678 4358 788 4412 nisi
823 4362 880 4411 in
917 4361 1182 4429 exemplis
1220 4362 1382 4412 editis
1417 4362 1648 4429 primurn
1690 4362 1942 4413 consulto
1978 4363 2206 4413 omissos
2241 4342 2629 4411 fuisse'fastos

2187 4445 2221 4513 1
