3016 4888
425 326 512 390 20
1285 345 1510 394 GAPv‘r
1553 346 1849 395 PmMVM.

423 500 549 566 bus
579 499 743 563 nihil
772 497 901 562 nisi
940 497 1312 584 fragmenta
1340 489 1539 564 exilia
1569 500 1747 586 apud
1776 509 2029 566 veteres
2063 509 2391 584 auctores,
2433 503 2715 568 maxime

425 602 920 685 grammaticos,
950 601 1292 667 recondita
1319 603 1784 690 comparuisse.

591 703 735 767 Iam
775 704 886 791 qui
926 704 1082 769 inde
1113 728 1153 770 a
1182 703 1418 771 litteris
1460 705 1959 770 renascentibus
1991 705 2132 769 XII
2162 706 2535 772 tabularum
2565 707 2708 770 reli-

423 807 595 894 quiis
640 805 1027 892 colligendis
1069 806 1496 894 disponendis
1538 806 1961 873 restituendis
1989 829 2261 895 operam
2292 809 2483 874 enixe
2515 791 2705 873 dede-

423 918 578 974 runt
618 918 684 974 et
722 909 1146 986 iureconsulti
1188 920 1254 975 et
1293 912 1709 995 grammatici
1736 949 1821 958 —-
1850 932 1929 974 ac
1957 908 2223 976 videtur
2264 933 2421 976 sane
2450 913 2519 976 in
2550 910 2705 976 deli-

419 1013 538 1076 ciis
591 1011 795 1078 studii
842 1035 1070 1076 recens
1129 1013 1401 1079 excitati
1453 1013 1565 1078 diu
1611 1013 1820 1078 fuisse
1871 1012 2101 1076 horum
2143 1023 2707 1080 monumentorum

418 1115 725 1180 tractatio
757 1153 843 1166 --
870 1116 940 1179 in
971 1116 1065 1179 eis
1099 1114 1558 1180 enumerandis
1590 1137 1673 1180 ne
1705 1116 1887 1200 longi
1916 1116 2151 1197 simus,
2196 1116 2360 1181 facit
2394 1126 2705 1202 pergrata

417 1216 612 1281 nobis
658 1225 725 1281 et
762 1216 957 1303 plane
975 1249 978 1254 ·
998 1215 1410 1283 admirabilis
1451 1221 1536 1280 H.
1569 1218 1649 1282 E.
1680 1218 2004 1283 Dirkseni
2046 1217 2387 1302 diligentia
2428 1227 2493 1282 et
2520 1241 2704 1283 accu-

417 1319 587 1384 ratio
602 1369 621 1402 ,
653 1320 764 1406 qui
793 1320 866 1383 in
893 1318 1059 1386 libro
1096 1340 1369 1406 operoso
1402 1319 1817 1385 ‘Uebersicht
1839 1320 1957 1384 der
1976 1318 2355 1403 bisherigen
2367 1319 2705 1384 Versuche

416 1443 536 1485 zur
573 1421 801 1486 Kritik
857 1420 994 1486 und
1045 1421 1474 1505 Herstellung
1524 1422 1638 1486 des
1684 1422 1926 1486 Textes
1981 1421 2100 1485 der
2148 1419 2705 1506 Zwiilftafelfrag-

416 1533 678 1589 mente.'
725 1525 910 1612 Lips.
946 1523 1111 1588 1824
1151 1526 1320 1589 hanc
1347 1545 1485 1587 rem
1515 1522 1700 1588 faece
1729 1531 1920 1588 tenus
1953 1523 2279 1589 exhausit.
2341 1522 2543 1589 Cuius
2574 1546 2709 1588 non

415 1627 754 1691 minimum
784 1626 1177 1692 beneficium
1207 1630 1329 1691 hoc
1360 1624 1520 1708 fuit,
1554 1625 1732 1712 quod
1761 1625 1895 1688 iam
1909 1625 2077 1690 licet
2106 1649 2254 1690 cum
2286 1648 2542 1690 summa
2559 1647 2706 1690 con—

418 1729 692 1794 fidentia
719 1728 1030 1816 pleraque
1075 1752 1159 1794 ex
1186 1729 1317 1793 illis
1348 1727 1545 1815 plane
1571 1728 1773 1792 missa
1802 1727 2019 1792 facere
2051 1728 2215 1792 nulli
2247 1727 2524 1814 amplius
2556 1727 2704 1792 usui

416 1829 641 1895 futura
659 1879 678 1913 ‚
723 1840 920 1918 atque
950 1832 1154 1896 tutius
1189 1831 1274 1894 ad
1303 1831 1484 1917 ipsos
1515 1831 1729 1895 fontes
1762 1830 2171 1916 incorruptos
2203 1830 2466 1896 reverti.
2530 1828 2704 1893 Nam

415 1953 499 1997 ex
526 1931 673 2050 plus
704 1933 1146 2018 quadraginta
1175 1933 1532 1999 editoribus
1565 1931 1801 2018 quibus
1833 1931 2207 2016 Dirksenus
2239 1953 2397 1997 usus
2423 1940 2524 1996 est
2546 1953 2703 2017 pau·-

415 2034 661 2096 cissimi
692 2056 849 2098 sane
879 2035 1091 2101 bonae
1119 2036 1329 2131 frugis
1361 2033 1765 2120 quidquam
1746 2055 1812 2098 1n
1844 2034 2055 2120 legem
2080 2008 2521 2122 contulerunt:
2556 2054 2702 2097 cum

413 2137 552 2201 fere
592 2159 820 2202 omnes
865 2135 1090 2202 otiosis
1132 2135 1535 2222 ludicrisque
1568 2137 1867 2202 artificiis
1898 2137 2089 2201 unice
2118 2115 2529 2200 indulserint.
2592 2134 2704 2198 Ni-

413 2240 650 2302 mirum
708 2239 779 2301 in
837 2238 1242 2302 restituenda
1301 2237 1444 2353 lege
1493 2240 1705 2322 magis
1760 2260 1958 2325 quam
2005 2240 2075 2302 in
2124 2235 2589 2301 constituenda
2638 2245 2704 2300 et

411 2339 559 2404 ICti
587 2349 652 2403 et
681 2338 1087 2424 grammatici
1119 2361 1234 2404 suo
1268 2339 1545 2425 quisque
1576 2359 1754 2405 more
1785 2364 1904 2427 pro
1931 2342 2196 2406 diversa
2220 2337 2423 2403 studii
2445 2338 2704 2402 ratione

411 2433 848 2508 versabantur
875 2441 968 2506 ita
997 2441 1260 2529 quidem
1278 2490 1298 2523 ,
1338 2451 1414 2507 ut
1443 2443 1667 2509 verbis
1698 2441 1861 2529 legis
1891 2442 2023 2525 illi,
2053 2441 2123 2507 hi
2154 2440 2439 2529 antiquis
2470 2439 2701 2506 formis

409 2544 732 2608 restitutis
785 2546 1071 2609 maxime
1125 2544 1626 2610 delectarentur.
1639 2546 1687 2631 ¹)
1762 2545 2043 2610 Accedit
2094 2544 2270 2631 quod
2321 2545 2702 2630 plerumque

409 2644 588 2710 nullo
634 2645 1008 2710 discrimine
1039 2648 1236 2710 etiam
1265 2668 1534 2731 prorsus
1567 2645 1784 2710 aliena
1813 2645 1941 2729 legi
1972 2645 2322 2709 obtrudere
2354 2646 2497 2711 ausi
2528 2653 2701 2709 sunt.

415 2748 650 2835 Itaque
681 2748 787 2831 fit,
820 2756 894 2813 ut
923 2770 1006 2813 ex
1035 2750 1160 2813 hac
1189 2747 1604 2813 multitudine
1635 2745 1871 2833 quibus
1901 2746 2152 2832 proprii
2180 2747 2401 2810 meriti
2429 2746 2571 2811 laus
2594 2746 2701 2810 de-

407 2848 670 2932 beatur,
715 2860 1025 2936 quattuor
1066 2859 1320 2914 tantum
1364 2848 1914 2914 commemorandi
1956 2849 2089 2913 sint
2128 2849 2519 2913 Franciscus
2549 2847 2699 2911 Bal·-

411 2950 646 3015 duinus
694 2950 911 3036 (1550.
959 2951 1150 3035 1557)
1166 3000 1184 3034 7
1240 2953 1398 3016 Ant.
1443 2950 1717 3014 Gentius
1772 2950 1988 3035 (1555.
2036 2951 2229 3037 1572)
2246 2998 2264 3032 ,
2318 2951 2549 3015 Franc.
2593 2950 2696 3013 Pi-

412 3052 643 3116 thoeus
680 3053 928 3139 (1586),
961 3052 1240 3118 Iacobus
1273 3050 1721 3117 Gothofredus
1757 3050 1971 3134 (1616.
2010 3051 2277 3137 1653).²)
2544 3085 2563 3091 -

578 3153 826 3220 Contra
866 3154 1057 3239 longe
1097 3153 1421 3239 gravioris
1471 3154 1783 3220 momenti
1828 3173 1906 3215 ea
1936 3162 2089 3217 sunt
2118 3174 2285 3239 quae
2316 3146 2693 3217 criticorum

409 3252 655 3319 saeculi
687 3256 861 3322 sexti
893 3266 959 3321 et
990 3256 1253 3342 septimi
1284 3256 1523 3321 decimi
1550 3256 1814 3339 ingenia
1836 3254 2323 3341 opportunitate
2348 3253 2577 3320 oblata⁸
2593 3253 2700 3319 vel

411 3356 823 3423 observando
853 3357 961 3424 vel
992 3357 1393 3423 emendando
1413 3358 1495 3420 in
1526 3356 1668 3421 XII
1698 3356 1937 3422 tabulis
1968 3356 2411 3443 profecerunt3
2446 3378 2531 3420 ex
2560 3357 2696 3442 qui-

365 3538 378 3551 ·
407 3457 526 3522 bus
571 3469 834 3545 praeter
875 3470 1125 3525 ceteros
1173 3460 1460 3523 eminent
1491 3457 1627 3523 Iac.
1659 3456 1964 3523 Cuiacius
2005 3460 2191 3524 ICtus
2224 3458 2471 3546 pariter
2501 3467 2696 3544 atque

406 3560 774 3646 philologus
814 3562 1092 3647 insignis
1137 3562 1375 3649 quique
1417 3584 1566 3626 eum
1596 3559 1761 3625 adeo
1794 3562 2132 3646 superavit
2171 3559 2469 3625 acumine
2498 3569 2695 3645 atque

409 3660 660 3745 ingenii
700 3660 1014 3727 felicitate
1057 3663 1113 3728 I.
1145 3663 1202 3727 Ι.
1231 3660 1527 3748 Scaliger
1539 3663 1627 3748 3);
1680 3662 1999 3757 accedunt
2029 3663 2413 3745 Turnebus,
2464 3660 2693 3725 Manu-

709 3812 810 3821 ——q

542 3884 583 3950 1)
619 3886 706 3935 Ex
743 3885 922 3937 altero
957 3900 1182 3938 numero
1219 3886 1458 3938 maxime
1495 3890 1625 3940 sunt
1658 3886 1894 3939 Fulvius
1918 3888 2155 3939 Ursinus
2192 3888 2249 3937 in
2272 3885 2431 3937 Notis
2469 3884 2541 3936 ad
2563 3884 2688 3935 Ant.

406 3970 705 4036 Augustini
741 3970 807 4021 de
845 3970 1066 4037 legibus
1104 3975 1160 4023 et
1183 3970 1334 4023 lctis
1361 3972 1589 4025 librum.
1628 3970 1839 4024 Romae
1866 3973 2019 4035 15833
2060 3972 2269 4024 Paulus
2291 3970 2505 4020 Merula
2532 3970 2690 4034 (mor-

403 4059 530 4105 tuus
569 4054 724 4123 1607)
771 4056 838 4107 de
883 4056 995 4123 leg.
1030 4057 1186 4110 Rom.
1233 4073 1278 4112 c.
1317 4058 1504 4108 8—23
1548 4058 1784 4124 in-Opp.
1831 4061 2064 4123 postam.
2114 4057 2197 4112 ed.
2248 4055 2688 4120 16843'denique

401 4138 668 4190 Nicolaus
703 4141 984 4193 Funccius
1020 4142 1203 4209 Leges
1237 4141 1345 4192 XII
1391 4143 1709 4193 tabularum
1755 4144 1871 4193 suis
1907 4144 2177 4206 quotquot
2220 4140 2451 4206 reperiri
2495 4142 2688 4203 potue—

400 4226 532 4273 runt
565 4224 894 4291 fragmentis
931 4228 1238 4280 restitutae.
1275 4227 1485 4279 Rintel.
1525 4230 1674 4283 1744.

536 4308 580 4372 ²)
620 4310 691 4365 cf.
727 4310 1041 4363 Dirksenus
1077 4312 1114 4365 1.
1151 4312 1189 4365 l.
1231 4328 1285 4377 p.
1321 4315 1405 4368 37.
1441 4316 1528 4365 40.
1567 4316 1652 4363 64.
1689 4314 1771 4366 77.

535 4391 579 4457 ⁸)
617 4393 787 4447 Cuius
833 4397 1192 4448 memorabile
1242 4401 1329 4447 est
1373 4398 1580 4448 dictum
1625 4398 1683 4446 in
1732 4394 2173 4463 ‘Scaliger-anis’
2218 4394 2246 4446 1
2291 4411 2345 4448 v.
2392 4392 2681 4445 Cuiacinst
