3016 4888
395 315 438 377 4
1259 330 1484 378 GAPv'r
1530 333 1823 380 ΡΜΜνΜὁ

395 483 712 569 proximis
755 483 1030 548 saeculis
1072 483 1334 549 videtur
1385 485 1879 551 attribuendum
1921 507 2063 550 esse
2108 509 2215 552 —t
2272 486 2367 550 ita
2404 507 2487 549 ne
2538 484 2687 570 ipsa

393 585 656 671 quidem
684 585 784 649 his
815 585 1354 670 abrogationibus
1384 584 1519 651 ullo
1548 595 1742 673 pacto
1774 597 1914 652 tum
1944 586 2347 654 labefactata
2374 596 2497 652 est.

560 686 700 751 Nec
729 687 979 751 minore
1008 687 1379 752 constantia
1409 697 1474 752 et
1505 688 1727 754 studio
1753 710 1872 775 per
1901 690 2074 754 idem
2113 698 2369 776 tempus
2412 688 2497 753 ad
2540 710 2682 752 eru·

393 788 635 852 dienda
663 789 932 873 ingenia
978 811 1056 853 ac
1100 789 1366 873 linguae
1410 790 1686 854 scientia
1716 787 1783 854 et
1820 813 1945 855 usu
1987 791 2343 856 imbuenda
2381 789 2491 854 lex
2520 799 2680 854 tam-

393 911 590 976 quam
618 911 818 954 unum
850 899 916 954 et
943 890 1394 955 firmissimum
1421 889 1889 956 adminiculum
1914 893 2376 978 usurpabatur.
2419 891 2683 956 Etenim

392 1013 477 1054 ex
506 1012 634 1077 quo
667 993 853 1077 pueri
879 991 986 1056 vel
1015 992 1190 1057 domi
1222 991 1670 1059 educabantur
1691 991 1798 1059 vel
1821 994 1891 1057 in
1921 992 2111 1058 ludos
2140 993 2348 1059 ‘laevo
2380 987 2682 1078 suspensi

389 1091 638 1186 loculos
671 1092 1096 1180 tabulamque
1135 1083 1406 1160 lacerto⁵
1452 1095 1540 1158 ad
1580 1093 2008 1160 litteratorem
2048 1095 2505 1176 mittebantur,
2540 1092 2682 1158 XII

389 1193 763 1260 tabularum
791 1193 1087 1261 libellum
1119 1205 1183 1260 et
1212 1217 1411 1260 manu
1441 1217 1708 1272 versare
1740 1205 1805 1261 et
1832 1205 2047 1261 mente
2076 1206 2299 1262 tenere
2339 1197 2677 1261 adsuesce·

387 1296 550 1383 bant
567 1294 649 1382 ¹):
681 1296 856 1376 unde
887 1296 982 1359 illi
1010 1306 1084 1360 ut
1115 1320 1200 1362 ex
1227 1297 1517 1363 Homero
1550 1321 1667 1363 suo
1702 1299 1941 1364 Graeci
1969 1297 2444 1364 adulescentuli
2486 1297 2679 1362 simul

390 1395 685 1462 discendi
714 1397 1059 1464 materiam
1087 1397 1426 1464 haurirent
1457 1409 1524 1464 et
1552 1400 1812 1486 paterni
1844 1399 2044 1464 moris
2085 1400 2463 1486 ingeniique
2504 1421 2677 1464 amo-

386 1521 526 1563 rem
556 1501 781 1565 statim
823 1522 864 1562 a
891 1501 1134 1564 teneris
1164 1500 1583 1567 imbiberent.
1642 1501 1745 1565 Ac
1784 1523 1943 1565 sane
1986 1501 2286 1586 equidem
2326 1499 2505 1564 haud
2545 1500 2677 1563 scio

387 1621 490 1682 an,
522 1600 684 1688 quid
711 1602 974 1688 utrique
1003 1602 1249 1690 populo⁴
1275 1603 1616 1690 proprium
1645 1602 1870 1685 fuerit,
1900 1603 2023 1669 hoc
2057 1601 2357 1668 diversae
2388 1600 2677 1687 discipli-

386 1723 510 1766 nae
551 1701 794 1767 indicio
848 1724 1047 1789 quam
1099 1726 1226 1790 quo
1281 1705 1647 1769 certissime
1699 1703 2147 1789 dignoscatur.
2235 1703 2410 1770 Hinc
2461 1713 2676 1768 autem

387 1802 689 1868 effectum
719 1813 850 1886 est,
883 1813 957 1868 ut
985 1801 1150 1890 legis
1183 1804 1589 1892 exemplaria
1620 1806 1867 1892 scripta
1895 1828 2053 1871 mox
2083 1805 2364 1891 plurima
2406 1805 2677 1868 circum-

386 1904 715 1970 ferrentur
749 1942 818 1952 —
856 1903 926 1968 id
956 1906 1132 1992 quod
1161 1907 1308 1992 ipsa
1337 1929 1472 1971 vox
1503 1912 1800 1971 ‘libellus'
1845 1906 2173 1992 significat
2212 1905 2388 1991 apud
2419 1905 2676 1970 Cicero-

385 2027 534 2070 nem
563 2005 644 2070 de
674 2029 769 2071 or.
803 2005 839 2069 I
865 2006 973 2088 44,
1010 2007 1160 2072 195:
1210 2009 1367 2092 quin
1410 2030 1495 2072 ex
1528 2007 1820 2072 eiusdem
1849 2007 2069 2074 verbis
2103 2008 2153 2071 Ἰ.
2189 2006 2260 2071 II
2299 2006 2381 2070 de
2420 2006 2677 2091 legibus

384 2093 488 2187 23,
518 2105 603 2170 59
635 2111 661 2146 ‘·
673 2111 1042 2172 discebamus
1069 2115 1225 2172 enim
1261 2115 1443 2188 pueri
1468 2113 1614 2172 XII
1634 2118 1701 2174 ut
1724 2131 1969 2174 carmen
2009 2113 2443 2174 necessarium'
2477 2108 2675 2172 etiam

384 2207 455 2271 in
498 2207 838 2304 m'etricam
891 2210 1172 2275 formam
1217 2210 1572 2297 aliquando
1613 2211 1754 2274 XII
1807 2209 2067 2277 tabulas
2113 2210 2320 2275 fuisse
2374 2209 2676 2273 redactas

388 2331 660 2396 eamque
689 2312 808 2376 vix
835 2310 1034 2374 aliam
1062 2319 1258 2396 atque
1289 2309 1584 2378 Saturnii
1612 2312 1865 2375 numeri
1904 2333 2050 2376 cum
2080 2332 2333 2376 summa
2370 2310 2675 2396 probabi-

387 2585 628 2637 alienam
663 2586 876 2637 inferat
911 2586 1322 2637 conclusionum
1367 2586 1492 2637 inde
1539 2585 1973 2653 probandarum:
2020 2587 2163 2639 idem
2209 2591 2397 2638 tamen
2444 2584 2670 2637 incaute

386 2675 610 2722 servata
647 2671 1038 2721 coniunctione
1075 2670 1369 2735 temporali
1403 2674 1522 2721 ‘sed
1560 2676 1763 2736 postea’
1802 2672 2051 2723 fraudem
2085 2672 2344 2738 prodidit.
2416 2672 2569 2734 Quin
2602 2687 2671 2721 ne

383 2756 655 2827 Plaetorii
691 2756 912 2820 quidem
947 2754 1279 2822 plebeiscito
1315 2756 1513 2821 probat
1550 2754 1693 2821 quod
1726 2756 2053 2821 probaturus
2090 2761 2191 2808 est.
2241 2758 2461 2807 Etenim
2497 2757 2671 2807 verba

385 2843 480 2890 ‘ad
509 2843 664 2890 solem
696 2844 948 2891 occasum’
989 2841 1058 2890 ab
1097 2856 1162 2891 eo
1196 2839 1272 2905 pl.
1299 2855 1376 2890 sc.
1404 2840 1654 2891 abfuisse
1693 2856 1922 2892 necesse
1960 2839 2073 2893 est':
2113 2856 2219 2906 quo
2256 2840 2474 2906 quidem
2514 2844 2670 2889 ante

315 2936 322 2941 ’
385 2940 646 2976 occasum
691 2924 827 2975 solis
874 2923 998 2975 finis
1045 2926 1372 2975 constitutus
1418 2926 1511 2975 sit.
1588 2925 1670 2975 Ac
1716 2942 1907 2991 parum
1955 2930 2083 2991 apte
2130 2941 2198 2975 ea
2242 2927 2300 2975 in
2349 2928 2671 2977 continuum

384 3009 674 3059 verborum
709 3009 955 3060 ordinem
991 3010 1328 3060 inseruntur:
1368 3024 1511 3073 quae
1550 3009 1779 3060 offensio
1804 3026 1912 3061 non
1936 3009 2147 3061 tollitur
2164 3008 2517 3061 Lachmanni
2544 3024 2670 3060 con-

384 3095 629 3155 iectura3
666 3108 794 3143 nam
829 3098 1008 3160 ‘usque
1041 3098 1345 3159 supremam’
1386 3094 1611 3143 etiamsi
1647 3094 1935 3160 probabile
1970 3094 2277 3159 videretur,
2314 3094 2468 3144 nullo
2512 3094 2669 3159 modo

386 3178 672 3245 significat
707 3183 910 3243 ‘usque
945 3194 1062 3245 per
1097 3183 1284 3244 supr),
1333 3178 1429 3229 sed
1465 3182 1669 3244 ‘usque
1717 3179 1797 3228 ad
1832 3183 2003 3245 supr)
2082 3179 2273 3243 Neque
2318 3183 2504 3229 tamen
2545 3177 2669 3227 ideo

386 3263 803 3314 condemnanda
837 3266 965 3314 sunt
999 3279 1118 3313 cum
1156 3263 1449 3313 Carrione:
1487 3264 1651 3313 immo
1686 3264 1919 3329 suspitio
1966 3267 2050 3314 est
2093 3265 2272 3329 ipsum
2310 3262 2670 3312 Censorinum

386 3364 455 3399 ea
492 3347 812 3413 explicandi
848 3350 1033 3413 gratia
1067 3347 1210 3413 legis
1246 3348 1432 3398 verbis
1471 3364 1539 3399 ex
1575 3347 1686 3400 alio
1723 3350 1985 3399 Varronis
2019 3349 2142 3399 loco
2178 3346 2473 3411 descriptis
2518 3345 2671 3397 addi·

386 3432 562 3494 disse,
597 3431 742 3482 uude
781 3433 839 3482 id
874 3433 1053 3498 ipsum
1099 3431 1350 3483 efficeret
1385 3433 1529 3498 quod
1564 3448 1593 3483 e
1630 3449 1688 3483 re
1725 3448 1823 3484 sua
1863 3438 2027 3487 esset.
2102 3431 2345 3496 Opponit
2390 3430 2535 3480 enim
2571 3432 2674 3479 ‘ad

383 3519 536 3567 solem
571 3521 823 3568 occasum’
861 3517 1034 3582 priori
1070 3522 1236 3582 ‘post
1270 3533 1319 3570 0.
1357 3520 1424 3569 sn’
1461 3533 1656 3583 parum
1688 3516 1788 3568 ille
1828 3531 2025 3567 curans
2067 3516 2151 3565 rei
2185 3516 2495 3566 veritatem.
2565 3512 2669 3563 Ce-

384 3605 560 3651 terum
609 3600 874 3651 confiteor
915 3601 1064 3651 haud
1109 3602 1243 3652 mihi
1286 3600 1511 3668 placere
1557 3602 2066 3652 Lachmannianam
2120 3598 2559 3651 emendationem
2614 3600 2692 3667 et·

384 3690 610 3750 propter
642 3686 901 3737 vocabuli
937 3690 1136 3752 ‘usque’
1177 3701 1298 3735 cum
1337 3688 1660 3738 accusativo
1695 3687 1874 3735 iuncti
1906 3699 2063 3736 usum
2100 3688 2401 3748 argenteae
2448 3683 2662 3733 demum

383 3769 686 3834 latinitati,
721 3786 831 3820 non
867 3771 1132 3835 antiquae
1170 3769 1283 3835 legi
1321 3770 1698 3837 imputandum
1735 3774 1791 3820 et
1828 3772 2054 3835 propter
2085 3769 2258 3820 verba
2294 3770 2500 3834 ‘imque
2532 3770 2669 3817 inter

385 3854 520 3905 cives
555 3856 731 3905 dicito’
780 3856 941 3919 quasi
987 3854 1314 3921 appendicis
1359 3854 1483 3905 loco
1530 3854 1913 3920 adglutinata:
1962 3869 2084 3905 cum
2127 3857 2315 3905 tamen
2360 3852 2445 3903 his
2481 3851 2666 3918 potius

385 3952 548 4002 quam
583 3937 697 3989 illis
733 3941 854 3990 ‘duo
890 3942 1097 3991 lictores
1131 3941 1274 4004 apud
1303 3954 1359 3988 se
1393 3939 1598 3989 habeto’
1634 3939 1895 4005 temporis
1940 3940 2279 3991 notationem
2327 3936 2456 3988 addi
2502 3951 2667 4001 expe-

388 4025 526 4073 ctes.
605 4024 754 4073 Hinc
799 4025 1108 4089 putaverim
1155 4026 1360 4091 ‘isque’
1405 4038 1448 4076 s,
1501 4025 1724 4090 ‘iisque’
1770 4028 2083 4089 corruptum
2130 4039 2252 4074 esse
2301 4038 2367 4073 ex
2413 4023 2667 4087 ‘iusque’,

385 4107 531 4173 quod
575 4108 752 4173 ipsum
799 4108 998 4160 deinde
1047 4109 1232 4159 alieno
1277 4108 1400 4160 loco
1445 4107 1660 4159 illatum
1708 4109 1809 4172 sit,
1865 4109 2155 4174 locumque
2202 4108 2285 4157 ita
2330 4106 2665 4157 refluxerim=

385 4194 508 4243 ‘duo
544 4194 648 4243 liet.
686 4197 829 4259 apud
867 4210 924 4245 se
968 4194 1150 4245 habeto
1196 4195 1422 4259 iusque
1466 4195 1549 4243 ad
1588 4209 1871 4258 supremam
1906 4191 2005 4261 (ad
2045 4197 2199 4244 solem
2243 4191 2493 4257 oceasum)
2531 4195 2668 4241 inter·

384 4278 518 4328 cives
552 4279 749 4330 dicito)

521 4361 562 4433 ¹)
601 4363 675 4415 cf.
715 4362 911 4417 Cicero
947 4362 1016 4414 de
1053 4363 1199 4431 legg.
1236 4365 1296 4416 11
1330 4366 1383 4431 4,
1419 4366 1469 4415 9.
1530 4366 1613 4429 23,
1652 4364 1735 4417 59.
1795 4362 2029 4416 Plautus
2052 4362 2216 4421 Most.
2241 4364 2270 4417 1
2294 4366 2344 4433 2,
2368 4363 2435 4417 45
2470 4380 2521 4413 v.
2551 4360 2664 4413 126.
