3016 4888
373 247 415 309 2
1236 257 1460 306 οΑΡνΤ
1504 257 1801 305 ΡΒιΜνΜ.

376 417 553 499 lege,
586 436 718 479 non
748 413 1055 477 restituta
1096 411 1386 495 cogitare
1425 412 1746 477 iubemur.
1805 409 1945 474 Nec
1984 411 2193 496 magis
2237 407 2662 476 verisimilem

375 515 596 580 reddit
622 515 818 580 istam
851 514 1222 599 opinionem
1251 521 1391 577 tota
1418 513 1937 598 fragmentorum
1980 513 2403 599 superstitum
2443 511 2663 580 condi-

377 616 510 681 cio:
562 638 755 703 quam
795 638 932 680 rem
983 637 1138 680 mox
1191 613 1486 701 pluribus
1542 637 1853 701 exequar.
1926 612 2209 680 Omnino
2257 636 2340 678 ne
2382 613 2667 698 egebant

377 717 643 805 quidem
673 716 994 782 eiusmodi
1021 717 1434 782 restitutione
1463 716 1772 798 Romani,
1820 724 2098 802 quorum
2125 716 2414 780 omnium
2454 715 2524 778 in
2554 737 2665 779 ore

377 842 454 884 ac
483 819 812 885 mentibus
843 819 1118 884 rudibus
1151 819 1364 884 adhuc
1396 824 1460 882 et
1488 816 1751 882 incultis
1783 820 2045 904 penitus
2077 817 2285 882 infixa
2314 827 2457 885 erat
2500 815 2663 901 legis

377 921 723 987 memoria:
758 944 889 1007 qua
910 921 1181 1007 quidem
1209 919 1352 1006 lege
1384 930 1450 985 et
1479 920 1673 1006 aequi
1712 919 1875 984 iuris
1912 920 2085 985 inter
2114 919 2297 985 cives
2328 929 2667 1005 tamquam

376 1021 738 1108 'palladium
768 1031 1084 1087 statutum
1117 1030 1182 1086 et
1219 1022 1477 1108 insigne
1519 1020 1780 1106 linguae
1822 1021 2139 1108 scriptum
2180 1029 2667 1110 monumentum

377 1123 628 1189 editum
667 1145 811 1188 esse
851 1123 1307 1208 gloriarentur.
1368 1122 1537 1188 Inde
1576 1123 1779 1207 igitur
1806 1121 2121 1188 'effectum
2163 1132 2294 1206 est,
2336 1130 2411 1186 ut
2452 1120 2667 1206 legem

376 1227 544 1292 bene
573 1247 768 1290 nosse
795 1227 968 1290 inter
1006 1225 1319 1312 primaria
1361 1224 1526 1291 civis
1557 1225 1839 1290 Romani
1878 1225 2100 1291 officia
2141 1224 2407 1312 publica
2450 1245 2668 1288 cense-

379 1337 566 1392 retur
596 1334 792 1414 atque
821 1327 916 1394 ita
943 1365 1030 1376 —·-
1058 1349 1226 1415 quae
1255 1336 1399 1392 erat
1428 1325 1654 1414 populi
1686 1325 2075 1412 simplicitas
2111 1336 2177 1391 et
2206 1327 2458 1412 antiqui
2486 1326 2668 1390 insti-

378 1429 506 1496 tuti
552 1438 978 1496 conservator
1018 1429 1271 1493 animus
1314 1467 1398 1476 --
1438 1449 1557 1515 per
1598 1428 1725 1493 tria
1771 1427 1909 1492 fere
1952 1425 2218 1494 saecula
2270 1436 2336 1492 et
2388 1428 2667 1492 forensis

377 1552 533 1596 usus
567 1541 631 1596 et
659 1531 1090 1597 institutionis
1123 1531 1517 1596 domesticae
1557 1531 1681 1596 hoc
1720 1553 1850 1596 non
1893 1530 2103 1597 solum
2142 1528 2669 1610 fundamentum,

381 1631 500 1698 secl
538 1634 758 1720 ipsum
797 1642 1256 1718 argumentum
1295 1641 1731 1720 permaneret.
1815 1632 1988 1722 Nam
2029 1631 2349 1719 quidquid
2388 1651 2507 1717 per
2544 1629 2671 1695 hoc

379 1735 691 1822 temporis
735 1737 1020 1821 spatium
1059 1734 1434 1819 vigentibus
1475 1735 1638 1800 iuris
1682 1733 1915 1799 studiis
1964 1732 2274 1798 collatum
2312 1740 2413 1796 est
2454 1732 2669 1796 adius

383 1835 575 1916 civile
603 1835 1095 1922 provehendum
1126 1846 1192 1901 et
1221 1834 1684 1917 excolendum,
1724 1835 1796 1900 id
1840 1856 2027 1900 omne
2076 1842 2191 1898 aut
2231 1833 2302 1897 in
2346 1833 2671 1898 actione

277 1943 302 2032 ζ
379 1937 542 2022 legis
587 1946 704 2001 aut
743 1936 813 2000 in
851 1936 1539 2023 interpretatione
1586 1937 1953 2022 ponebatur
1976 1936 2061 2020 ¹):
2110 1957 2240 2022 qua
2268 1936 2338 2000 in
2368 1957 2441 2000 re
2470 1955 2671 2023 quan-

382 2048 490 2104 tae
519 2039 823 2123 religioni
851 2039 1052 2103 fuerit
1092 2038 1160 2132 in
1188 2037 1364 2123 ipsis,
1395 2037 1561 2122 legis
1593 2027 1847 2119 verbis,
1890 2037 1997 2103 vel
2036 2026 2154 2103 ubi
2198 2037 2499 2101 sufficere
2542 2059 2674 2100 non

381 2139 798 2222 viderentur,
839 2141 1194 2225 persistere
1213 2189 1232 2222 ,
1276 2141 1535 2225 insigne
1589 2138 1960 2226 exemplum
2002 2139 2169 2204 Gaio
2214 2137 2490 2224 aliisque
2542 2159 2671 2200 me-

383 2251 707 2323 moratur,
740 2242 912 2327 quod
943 2245 1098 2305 ‘eum
1128 2249 1232 2320 qui
1259 2247 1335 2304 dc
1363 2247 1571 2306 vitibus
1599 2247 1843 2306 succisis
1871 2247 1955 2304 ita
1984 2245 2222 2318 wissa,
2250 2250 2321 2310 ‚ut
2347 2245 2409 2302 in
2440 2245 2673 2302 actione

383 2350 528 2408 vites
554 2348 912 2416 nominaret,
945 2363 1292 2422 responsum
1320 2353 1406 2406 est
1431 2363 1559 2408 rem
1576 2347 1949 2424 perdidisse,
1998 2345 2141 2422 quia
2173 2345 2461 2404 debuisset
2488 2345 2673 2404 arbo-

384 2467 484 2511 res
510 2452 822 2509 nominare
847 2466 916 2509 eo
944 2451 1106 2525 quod
1129 2454 1233 2510 lex
1259 2450 1404 2510 XII
1425 2451 1762 2511 tabularum
1776 2495 1791 2518 ,
1835 2466 1915 2509 ex
1943 2465 2064 2525 qua
2094 2448 2169 2509 de
2197 2448 2405 2509 vitibus
2432 2448 2674 2506 succisis

385 2554 540 2612 actio
567 2557 935 2626 competeret,
961 2554 1326 2625 generaliter
1355 2553 1428 2611 de
1449 2552 1763 2610 arboribus
1782 2552 2027 2610 succisis
2044 2552 2407 2623 loqueretur'
2435 2543 2672 2629 (Gaius

387 2645 558 2713 Inst.
586 2649 686 2714 IV
733 2650 832 2712 11.
873 2649 1028 2733 Dig.
1062 2648 1166 2731 47,
1202 2648 1260 2731 7,
1307 2649 1342 2711 1
1375 2668 1518 2735 sqq.
1560 2647 1646 2711 cf.
1692 2647 1945 2711 Plinius
1976 2646 2058 2711 N.
2092 2646 2179 2711 H.
2214 2647 2385 2711 XIV
2421 2648 2477 2727 1,
2512 2644 2674 2729 9).²)

387 2751 620 2837 Itaque
651 2750 849 2815 etiam
879 2749 949 2814 in
979 2751 1191 2837 primo
1223 2750 1384 2814 iuris
1417 2750 1627 2815 civilis
1660 2748 1885 2815 codice
1916 2771 2044 2835 quo
2079 2749 2289 2814 omnis
2322 2770 2489 2834 quae
2520 2755 2675 2811 tunc

386 2852 758 2938 comparuit
785 2852 946 2914 iuris
978 2852 1253 2915 materia
1281 2852 1468 2935 quasi
1495 2852 1728 2918 horreo
1762 2848 2233 2936 comprehensa
2262 2858 2382 2931 est,
2398 2849 2474 2919 ,in
2504 2846 2672 2913 libro

389 2952 531 3016 dico
563 2952 713 3018 Sex.
738 2952 915 3017 Aelii
938 2952 1088 3018 Cati
1123 2956 1281 3035 (cos.
1313 2974 1372 3015 a.
1408 2952 1651 3039 IOLV)
1686 2954 1797 3038 qui
1827 2951 2243 3037 ‘Tripertita2
2270 2950 2673 3029 inscribitur,

387 3052 498 3117 lex
527 3053 670 3118 XII
697 3054 1066 3141 perscripta
1095 3052 1532 3119 exhibebatur
1574 3052 1883 3117 adiuncta
1922 3062 1987 3116 et
2027 3050 2569 3137 interpretatione
2610 3057 2677 3113 et

387 3152 554 3239 legis
585 3156 930 3241 actione.³)
959 3193 1046 3204 —
1077 3154 1262 3235 Quae
1304 3164 1527 3219 tamen
1556 3144 1911 3219 auctoritas
1940 3161 2014 3217 ut
2054 3150 2514 3238 impedimento
2545 3173 2677 3215 non

389 3254 545 3337 fuit,
579 3256 920 3341 quominus
953 3256 1274 3342 quaedam
1303 3280 1388 3321 ex
1417 3255 1582 3339 legis
1612 3254 1980 3343 praeceptis
2009 3254 2143 3318 iam
2174 3251 2289 3317 illa
2318 3260 2535 3317 aetate
2564 3252 2675 3318 ab·

388 3368 774 3440 rogarentur
813 3396 888 3405 —
927 3358 1094 3421 sicut
1134 3349 1519 3444 plebeiscito
1561 3356 1873 3422 Canuleio
1918 3355 2265 3438 conubium
2308 3353 2487 3441 plebi
2528 3373 2675 3417 cum

389 3457 688 3543 patribus
721 3457 949 3524 datum
979 3468 1080 3523 est
1095 3458 1324 3546 ,·quod
1351 3480 1434 3522 ne
1463 3467 1639 3523 esset
1668 3458 1777 3523 lex
1808 3466 2150 3539 sanxerat3
2196 3464 2310 3520 aut
2340 3454 2676 3542 aliquanto

391 3566 544 3645 post
571 3557 714 3643 lege
745 3560 1014 3654 Aquilia
1041 3561 1262 3626 omnia
1291 3561 1529 3647 quibus
1560 3562 1629 3624 in
1657 3558 1800 3623 XII
1840 3558 1923 3623 de
1954 3558 2191 3623 damno
2222 3558 2498 3623 iniuriae
2527 3578 2676 3621 cau·

397 3796 465 3831 ac
500 3785 696 3847 postea
733 3782 974 3847 demum,
1013 3796 1135 3834 cum
1169 3782 1281 3833 iam
1316 3799 1416 3849 per
1451 3782 1551 3835 On.
1588 3781 1846 3833 Flavium
1886 3780 2095 3848 publici
2128 3778 2261 3831 iuris
2296 3779 2437 3831 facti
2472 3772 2676 3842 essent,

399 3864 630 3916 additos.

533 3948 572 4011 1)
613 3950 684 4000 cf.
722 3950 1054 4018 Pomponius
1087 3954 1216 4019 Dig.
1256 3955 1306 4017 1,
1343 3955 1394 4017 2,
1431 3954 1462 4003 2
1499 3952 1545 4014 ξ’
1567 3955 1615 4004 5.
1652 3954 1702 4005 6.
1878 4012 1886 4018 ,

532 4032 582 4098 ²),
613 4028 1094 4100 Interpretationis
1132 4037 1388 4103 exempla
1425 4037 1497 4090 cf.
1536 4036 1707 4087 Gaius
1744 4038 1771 4086 1
1810 4038 1923 4087 165.
1962 4035 2095 4085 Iust.
2123 4034 2167 4087 Ι,
2198 4036 2244 4095 1,
2286 4033 2366 4087 17.
2404 4032 2678 4099 Ulpianus

395 4118 467 4173 D.
503 4119 594 4182 26,
631 4120 690 4181 4,
729 4122 760 4170 3
797 4135 878 4185 pr.
917 4124 962 4172 1.
1020 4120 1226 4173 Paulus
1273 4123 1332 4173 in
1369 4120 1681 4172 collatione
1726 4122 1837 4187 leg.
1884 4121 2021 4169 Mos.
2070 4124 2127 4169 et
2171 4118 2323 4169 Rom.
2363 4120 2488 4169 XVI
2526 4123 2582 4181 3,
2626 4123 2675 4169 3.

396 4202 465 4254 D.
503 4203 586 4265 50,
627 4203 707 4265 16,
745 4206 828 4254 62.
865 4206 965 4256 233
1001 4206 1030 4266 {5
1066 4209 1115 4255 2.
1163 4208 1246 4265 4⁷,
1283 4210 1333 4270 3,
1375 4209 1420 4268 1,
1459 4208 1486 4256 1
1528 4206 1599 4257 al.

533 4285 687 4353 ?)·cf.
725 4287 1054 4355 Pomponius
1091 4292 1159 4340 D.
1200 4291 1250 4354 1,
1285 4292 1337 4353 2,
1372 4293 1404 4341 2
1441 4293 1470 4352 ξ
1507 4292 1599 4354 38,
1641 4306 1747 4359 quo
1784 4288 1852 4339 de
1890 4288 2038 4339 infra
2072 4288 2233 4355 plura
2268 4267 2439 4343 dabo.-
