3016 4888
565 373 660 421 DE
704 373 1094 423 vmnnmvs
1141 375 1242 423 xn
1289 373 1717 422 TABVLARVM
1764 331 2335 422 mrsnrnnffimvs.
2423 416 2427 420 .
2509 358 2592 422 39

299 532 509 593 auctis
553 527 791 592 studiis
834 550 911 591 ac
949 529 1149 593 latius
1191 530 1575 615 propagatis
1619 529 1851 594 effecta
1892 536 2061 610 erat,
2106 527 2589 610 illustrandam.

299 631 444 696 Hoc
475 631 644 694 enim
677 631 838 694 satis
872 629 1106 695 docent
1136 632 1373 716 viginti
1402 631 1771 714 fragmenta
1800 652 1965 715 quac
1998 653 2081 692 cx
2102 631 2589 695 commentariis

301 734 435 797 eius
467 741 781 817 excerpta
808 731 876 793 in
900 732 1327 815 Digestorum
1359 732 1886 818 compilationem
1917 731 2337 795 transierunt.
2358 733 2408 817 ¹)
2442 731 2590 795 Non

299 836 501 916 igitur
541 832 884 896 miraberis
901 866 940 914 ,·
964 834 1140 918 quod
1181 835 1390 898 Gaius
1433 835 1753 919 quaedam
1803 855 2033 920 parum
2074 842 2265 910 cau-te
2309 832 2439 916 legi
2479 833 2589 895 tri-

300 935 476 1014 buit,
509 943 703 1019 atque
733 933 910 1020 quod
943 957 1024 999 ne
1057 937 1264 1021 ipsius
1297 935 1563 1021 quidem
1593 935 1758 1018 legis
1789 933 2123 1020 exemplar
2152 942 2469 999 tractasse
2495 934 2591 998 ¹vi-

305 1035 526 1119 detur,
561 1035 677 1099 sed
706 1037 774 1100 in
804 1036 1094 1121 priorum
1125 1037 1551 1122 interpretum
1584 1037 1845 1121 scriptis
1878 1037 2308 1121 acquievisse.

471 1237 705 1323 Itaque
737 1236 879 1301 XII
908 1237 1280 1303 tabularum
1309 1240 1763 1325 interpretatio
1804 1239 1991 1304 initio
2034 1248 2238 1303 totam
2279 1240 2613 1325 iurispru-'

303 1339 590 1406 dentiam
619 1340 966 1426 complexa
995 1351 1129 1422 est,
1167 1349 1398 1426 postea
1433 1343 2011 1424 grammaticorum
2049 1351 2115 1406 et
2154 1342 2593 1406 litteratorum

303 1443 540 1506 studiis
571 1443 936 1525 vindicata,
970 1452 1300 1527 postremo
1332 1442 1398 1504 in
1429 1463 1673 1506 novum
1703 1442 1863 1506 iuris
1890 1443 2203 1507 scientiae
2232 1447 2418 1529 quasi
2449 1445 2592 1506 hor-

303 1567 485 1608 reum
514 1554 780 1630 recepta
811 1568 848 1609 a
881 1566 1138 1608 summa
1170 1543 1505 1608 doctrinae
1539 1542 1865 1628 expolitae
1895 1546 2085 1631 copia
2123 1545 2358 1609 hausta
2398 1557 2498 1610 est
2529 1555 2594 1609 et

303 1646 560 1711 obruta.

439 1866 478 1929 ¹)
525 1866 660 1916 Inde
710 1885 778 1918 ea
823 1869 924 1917 sub
955 1883 1136 1918 unum
1185 1873 1540 1933 conspectum
1588 1875 1853 1934 congesta
1900 1867 2185 1926 ediderunt
2224 1869 2591 1921 Gothofredus

301 1953 380 2014 (in
417 1951 638 2002 Ottonis
674 1951 836 2003 Thes.
875 1953 956 2002 111
1002 1969 1057 2017 p.
1099 1952 1238 2018 147).
1286 1953 1624 2002 Heineccius
1671 1953 1818 2002 Hist.
1864 1954 1965 2003 iur.
2007 1954 2030 2003 Ι
2067 1958 2097 2003 2
2135 1956 2165 2014 ἓ
2190 1958 2273 2008 32.
2333 1957 2587 2006 Homme·

300 2037 407 2086 lius
444 2037 845 2102 Palingenesia
887 2036 1010 2085 libr.
1055 2039 1156 2089 iur.
1197 2043 1444 2087 veterum
1484 2038 1512 2086 I
1551 2053 1601 2101 p.
1633 2039 1727 2087 117
1753 2053 1871 2102 sqq.
1944 2040 2082 2088 Nam
2116 2046 2409 2104 praeterea
2448 2057 2589 2106 quae

303 2136 368 2168 ex
407 2121 548 2170 Gaio
594 2120 853 2168 (licuntur
899 2121 1044 2184 apud
1091 2121 1168 2170 Io.
1206 2122 1375 2173 Laur.
1412 2121 1625 2185 Lydum
1674 2121 1741 2169 dc
1787 2137 1927 2186 mag.
1968 2123 1995 2170 I
2042 2125 2106 2172 26
2153 2129 2208 2172 et
2252 2117 2319 2174 34
2364 2130 2589 2176 servata

303 2220 454 2268 esse,
495 2205 622 2268 quin
660 2205 949 2269 Pomponii
985 2205 1096 2252 sint
1142 2221 1208 2254 ex
1259 2206 1571 2270 fragmento
1608 2205 1822 2270 Digest.
1872 2207 1938 2254 ‹le
1987 2209 2121 2272 orig.
2160 2209 2261 2260 iur.
2300 2210 2585 2275 desumpta

302 2305 404 2337 nec
442 2289 551 2338 nisi
599 2304 779 2338 errore
827 2291 884 2338 in
931 2289 1290 2354 inscriptione
1340 2291 1627 2339 commisso
1669 2291 1809 2340 Gaio
1858 2291 2096 2363 tributa,
2147 2308 2253 2341 non
2299 2299 2429 2358 puto
2477 2297 2585 2344 iam

301 2373 545 2423 dubitari
582 2390 740 2439 posse
779 2401 842 2408 —
881 2377 985 2424 etsi
1022 2374 1088 2423 de
1129 2375 1306 2422 altero
1345 2379 1495 2423 certe
1536 2374 1658 2424 loco
1697 2376 1863 2424 etiam
1889 2376 2207 2427 Huschkius
2232 2379 2453 2429 dubitat
2480 2381 2586 2428 Iur.

303 2463 416 2507 ant.
455 2475 508 2522 p.
547 2461 646 2509 308
683 2476 735 2509 n.
772 2486 840 2494 —
877 2461 946 2508 cf.
987 2459 1270 2509 Hefftcrus
1307 2459 1447 2509 Mne.
1483 2460 1564 2507 rh.
1601 2462 1700 2508 iur.
1741 2461 1795 2509 ΙΙ
1834 2464 1929 2511 123
1966 2477 2048 2524 sq.
2090 2463 2395 2513 Dii-ksenus
2432 2466 2585 2515 ‘Ver-

301 2542 532 2591 mischte
570 2544 871 2593 Schriften’
909 2562 960 2609 p.
998 2545 1063 2594 56
1100 2557 1217 2607 sqq.
