3016 4888
396 337 482 404 34
1072 337 1082 346 ²
1235 355 1458 404 CAPv'r
1503 355 1852 404 ALTERVM.

397 520 579 597 ptum
609 533 649 574 a
671 511 981 575 Putsehio
1014 493 1281 595 proprio
1305 511 1521 578 Marte
1551 501 2032 596 amplificatum
2055 533 2197 575 esse
2222 523 2286 576 et
2311 524 2444 578 tam
2466 515 2687 600 inepte

396 612 766 677 mutilatum
796 613 1013 676 cred0.
2598 603 2608 612 ⁹

565 714 673 778 Ex
725 714 996 778 Servii
1039 713 1394 799 Sulpicii
1447 714 1665 792 Rufi,
1715 715 1843 779 viri
1897 725 1962 778 et
2000 717 2163 779 iuris
2210 728 2274 782 et
2324 717 2687 782 litterarum

398 818 674 881 scientia
701 816 978 900 insignis
1011 817 1172 901 (eos,
1209 815 1568 902 IOCCIV),
1603 824 1859 880 eentum
1890 819 2225 902 octoginta
2267 819 2454 884 libris
2486 822 2686 885 etiam

397 917 539 982 XII
580 917 953 983 tabularum
1004 917 1611 1003 interpretationem
1663 918 1868 982 fuisse
1910 921 2119 1002 magis
2162 943 2356 1005 quam
2400 922 2685 1007 quinque

397 1019 656 1104 glossae
691 1021 812 1085 sub
845 1022 983 1085 eius
1015 1019 1275 1084 nomine
1308 1021 1484 1104 apud
1517 1021 1785 1084 Festum
1828 1020 2066 1084 citatae
2096 1021 2143 1106 ¹)
2190 1021 2319 1085 Grai
2362 1022 2687 1108 quaedam

396 1117 602 1187 verba
630 1121 925 1186 indicant
955 1143 1041 1185 ex
1070 1120 1236 1185 libro
1268 1119 1329 1184 V
1364 1123 1448 1186 ad
1479 1121 1688 1205 legem
1721 1121 1862 1185 XII
1893 1121 2263 1186 tabularum
2304 1123 2373 1185 in
2404 1125 2687 1208 Digesta

393 1224 498 1305 50,
524 1223 622 1303 16,
649 1221 773 1286 237
805 1233 1070 1308 recepta
1100 1227 1348 1285 ‘duobus
1377 1231 1667 1301 neqativis
1694 1229 1886 1286 verbis
1915 1230 2092 1301 quasi
2110 1231 2398 1302 permittit
2423 1232 2525 1288 lex
2546 1247 2645 1288 ma

390 1331 486 1402 qis
535 1345 715 1401 quam
762 1329 1097 1404 prohibuit:
1147 1329 1324 1402 idque
1373 1331 1550 1388 etiam
1592 1328 1904 1388 Servius
1953 1331 2414 1390 animadvertit?
2498 1327 2685 1406 Quae

393 1426 639 1492 mentio
685 1426 909 1510 magni
949 1447 1105 1489 sane
1145 1425 1457 1490 momenti
1501 1434 1623 1507 est,
1664 1443 1862 1511 quum
1904 1426 2112 1489 Gaius
2155 1449 2285 1490 non
2328 1429 2474 1512 ipsa
2517 1427 2683 1512 lege,

397 1527 514 1590 sed.
545 1528 1026 1592 commentariis
1059 1527 1387 1613 prioribus
1420 1549 1576 1592 usus
1610 1527 1715 1591 sit.

559 1628 816 1694 Certius
871 1619 1202 1692 etiam‘de
1256 1629 1625 1694 Antistio
1680 1628 2055 1694 Labeone
2104 1629 2267 1714 legis
2324 1631 2682 1717 interprete

389 1738 648 1795 constat
679 1731 762 1794 ex'
791 1729 991 1794 Gellii
1023 1730 1412 1796 testimoniis
1444 1730 1528 1794 N.
1561 1730 1643 1794 A.
1678 1729 1713 1793 I
1747 1731 1857 1810 12,
1906 1731 1983 1794 18
2030 1735 2380 1795 ‘Praeterea
2420 1739 2482 1794 in
2525 1753 2679 1796 com-

389 1838 699 1917 mentariis
730 1837 1016 1895 Labeonis
1045 1853 1199 1909 quae
1229 1837 1316 1894 ad
1345 1837 1486 1894 XII
1507 1837 1741 1893 tabulas
1769 1839 2092 1908 composuit
2132 1839 2221 1921 ita·
2244 1841 2529 1911 scriptum
2561 1847 2647 1897 est
2663 1861 2680 1896 .-

391 1940 436 1971 “
463 1939 645 2012 Virqo
690 1939 940 1997 Vestalis
967 1954 1156 2010 neque
1185 1939 1357 1997 heres
1385 1943 1473 1996 est
1512 1938 1789 2010 cuiquam
1834 1939 2101 1995 intestato
2142 1954 2331 2011 neque
2376 1943 2685 1998 intestatae

374 2042 732 2124 quisquam,
763 2041 872 2098 sed
898 2038 1050 2097 bona
1079 2040 1207 2096 eius
1236 2042 1296 2096 in
1321 2039 1625 2112 publicum
1656 2039 1863 2110 redissi
1884 2041 2123 2098 aiunt.''
2170 2035 2266 2099 VI
2292 2036 2485 2120 (VII)
2516 2037 2616 2116 15,
2648 2039 2679 2098 1

315 2219 326 2222 -
383 2143 410 2191 .‘
425 2141 624 2223 Labeo
663 2143 727 2200 in
768 2140 918 2200 libro
960 2141 1034 2198 de
1061 2139 1207 2198 XII
1239 2141 1450 2199 tabulis
1489 2141 1749 2200 secundo
1791 2143 1965 2198 acria
2009 2147 2067 2198 et
2092 2158 2298 2200 seuera
2340 2143 2566 2200 iudicia
2608 2143 2684 2199 de

385 2242 574 2314 furtis
613 2243 817 2301 habita
857 2259 982 2300 esse
1023 2242 1192 2316 apud
1231 2247 1454 2300 veteres
1483 2231 1767 2314 scripsit?
1845 2237 1983 2298 XX
2019 2240 2040 2298 1
2068 2285 2085 2317 ,
2123 2239 2199 2299 13
2230 2261 2327 2322 sq.
2362 2240 2474 2302 ubi
2517 2261 2682 2324 quae

389 2346 488 2402 ein
539 2345 708 2403 libris
759 2358 902 2416 quos
947 2343 1032 2401 ad
1075 2342 1214 2400 XII
1252 2343 1484 2402 tabulas
1523 2343 1875 2415 conscripsit
1888 2344 1930 2418 ⁹,
1988 2338 2068 2400 de
2122 2338 2199 2402 L.
2231 2338 2497 2402 Veratio
2551 2350 2679 2402 tra-

390 2441 489 2507 dit
539 2442 930 2507 referuntur.
949 2439 1002 2525 2)
1086 2440 1190 2505 De
1243 2440 1426 2503 euius
1479 2439 2039 2526 interpretationis
2092 2439 2345 2504 ratione
2406 2464 2550 2505 eum
2597 2464 2682 2505 ex

386 2543 534 2607 istis
592 2543 898 2629 reliquiis'
938 2542 1252 2606 iudicium
1301 2542 1520 2605 facere
1572 2541 1725 2605 licet
1769 2551 1909 2604 tum
1959 2563 2044 2604 ex
2089 2550 2227 2606 tota
2270 2542 2398 2607 viri
2460 2541 2680 2605 indole

387 2642 649 2731 qualem
714 2643 968 2707 Gellius
1037 2644 1354 2707 describit
1407 2642 1584 2705 XIII
1642 2643 1751 2721 10,
1810 2646 1841 2703 1
1914 2646 2142 2705 eLabeo
2194 2650 2476 2707 Antistius
2533 2650 2683 2706 iuris

387 2752 624 2825 quidem
663 2752 852 2808 civilis
894 2750 1270 2824 disciplinam
1315 2749 1654 2823 principali
1700 2748 1893 2806 studio
1942 2750 2217 2806 exercuit
2259 2756 2317 2806 et
2362 2752 2681 2807 consulen-

331 2865 341 2873 ·
387 2854 537 2912 tibus
577 2853 652 2910 de
691 2854 822 2910 iure
863 2852 1104 2926 publice
1146 2853 1587 2926 responsitavit,
1638 2851 1779 2924 (sel)
1829 2855 2165 2909 ceterarum
2218 2864 2444 2923 quoque
2486 2850 2680 2908 bona·-

383 2970 522 3012 rum
563 2956 781 3011 artium
821 2969 938 3011 non
979 2969 1201 3026 expers
1233 2950 1361 3023 fuit
1406 2958 1466 3010 et
1501 2954 1562 3009 in
1601 2954 2058 3023 qrammaticam
2098 2968 2223 3010 sese
2266 2960 2443 3024 atque
2484 2952 2681 3025 diale-

387 3058 598 3114 cticam
641 3057 960 3127 literasque
1012 3054 1374 3126 antiquiores
1423 3053 1781 3125 altioresque
1830 3058 2251 3125 penetraverat
2288 3052 2681 3111 latinarum·-

388 3175 500 3232 que
551 3173 754 3215 vocum
799 3158 1058 3229 oriqines
1101 3157 1475 3228 rationesque
1516 3153 1935 3227 percalluerat
1980 3170 2215 3227 eaque
2252 3155 2681 3228 praecipue

389 3260 722 3317 scientia
768 3257 864 3315 ad
901 3257 1327 3316 enodandos
1359 3260 1773 3330 plerosque
1812 3258 2010 3314 iuris
2050 3258 2361 3329 laqueos
2411 3256 2678 3313 uteba·-

389 3363 564 3426 tur,·’
599 3394 680 3403 —-
710 3354 780 3417 id
824 3353 998 3437 quod
1041 3354 1431 3418 confirmant
1474 3352 1733 3437 glossae
1774 3353 2103 3417 Labeonis
2146 3352 2462 3436 plurimae
2503 3351 2681 3436 apud

388 3456 658 3521 Festum
689 3465 1008 3521 servatae.
1073 3455 1370 3541 Apparet
1401 3463 1617 3517 autem
1660 3453 1820 3517 haec
1862 3454 2207 3517 coniuncta
2250 3451 2678 3515 iureconsulti

527 3711 566 3775 ¹)
604 3729 657 3775 p.
697 3715 795 3763 174
829 3710 1037 3776 Noxia,
1084 3730 1136 3777 p.
1175 3716 1274 3763 210
1318 3712 1511 3779 pedem
1549 3711 1739 3777 struit,
1787 3726 1837 3779 p.
1877 3712 1973 3764 321
2024 3716 2301 3779 sanates>
2324 3723 2375 3779 p.
2415 3710 2513 3764 322
2562 3722 2676 3765 sar*

391 3796 533 3859 cito,
572 3813 626 3862 p.
663 3798 764 3846 376
798 3798 1094 3848 vindiciae.
2057 3830 2062 3835 -

521 3880 562 3943 ²)
603 3880 922 3932 Huschkius
961 3882 1184 3932 ‘Gaius'
1220 3898 1271 3947 p.
1298 3885 1395 3932 212
1434 3899 1484 3932 n.
1514 3885 1575 3931 21
1618 3882 1759 3945 quod
1783 3879 2063 3933 Labeonis
2102 3884 2167 3932 de
2204 3881 2399 3932 damno
2429 3877 2671 3933 aedificii

387 3966 553 4029 vitio,
591 3980 700 4015 non
736 3966 792 4016 vi
831 3952 1019 4017 divina
1057 3966 1186 4015 dato
1222 3967 1437 4032 placita
1472 3968 1541 4016 D.
1583 3970 1666 4029 39,
1706 3970 1754 4030 2,
1792 3968 1859 4016 24
1894 3966 1923 4024 ἓ
1960 3967 1994 4013 4
2030 3970 2085 4015 et
2122 3967 2153 4015 5
2202 3968 2270 4015 ad
2317 3967 2458 4030 legis
2506 3969 2677 4017 inter·

387 4051 756 4113 pretationem
795 4052 996 4115 refert,
1037 4066 1158 4100 cum
1197 4051 1334 4101 haee
1373 4068 1439 4100 ex
1474 4051 1601 4115 lege
1642 4056 1807 4100 cauta
1844 4068 1966 4101 esse
2003 4052 2325 4113 videantur,
2374 4051 2431 4100 id
2478 4051 2675 4101 idoneo

388 4133 748 4184 fundamento
787 4140 958 4185 caret.
1031 4135 1140 4185 Sed
1175 4138 1352 4201 possit
1389 4137 1593 4199 aliquis
1633 4138 1803 4186 morbi
1844 4135 2213 4184 definitionem
2252 4136 2396 4200 apud
2436 4136 2706 4185 Gellium-

388 4219 466 4269 IV
501 4220 532 4268 2
580 4235 612 4268 a
648 4218 910 4269 Labeone
957 4220 1027 4269 ad
1074 4220 1251 4284 legem
1291 4220 1368 4283 (II
1405 4224 1436 4269 2
1487 4237 1529 4269 s.
1572 4222 1596 4269 I
1636 4219 1689 4284 3)
1740 4219 2055 4269 adnotatam
2105 4204 2463 4285 intellegere,
2510 4236 2676 4283 quam

390 4318 456 4351 ex
496 4303 656 4353 libris
695 4304 761 4352 ad
802 4305 1040 4353 edictum
1092 4305 1348 4354 aedilium
1398 4306 1668 4355 curulium
1709 4304 1930 4367 scriptis
1979 4307 2158 4370 repeti
2195 4305 2514 4355 Huschkius
2559 4306 2675 4373 opi-

389 4390 553 4435 natur
587 4390 694 4438 Iur.
733 4389 901 4439 antei.
941 4405 992 4455 p.
1031 4388 1096 4437 47
1135 4406 1188 4438 n.
1229 4392 1306 4438 16.
