3016 4888
407 320 492 386 28
1243 339 1468 388 CAPv'r
1513 339 1864 389 ALTERVM.

410 503 476 558 et
503 515 714 581 nuper
742 493 978 559 tribuit
1007 493 1388 587 Rudorffius
1421 495 1456 559 I
1484 518 1547 582 p.
1583 495 1736 560 166:
1784 479 1963 562 Galli
1991 499 2352 563 Varronem
2396 500 2695 564 notitiam

411 596 723 661 habuisse
763 595 1019 682 pridem
1068 607 1246 662 recte
1295 599 1567 682 negavit
1614 599 1975 664 Merkelius
2026 599 2331 686 Prolegg.
2373 601 2443 666 in
2496 603 2693 668 Ovid.

407 699 593 764 Fast.
637 720 702 784 p.
747 699 904 764 CIV
959 698 1070 783 (cf.
1113 700 1576 765 Lachmannus
1619 701 1687 764 in
1733 701 1973 766 Annal.
2014 703 2138 767 iur.
2186 705 2415 768 scient.
2460 704 2691 771 histor.

407 799 514 864 XI
557 799 680 864 116
723 823 817 886 sq.
888 800 1284 867 Ritschelius
1325 802 1593 897 Parerg.
1639 802 1674 867 I
1714 827 1778 890 p.
1822 803 2007 890 372):
2079 805 2192 891 qui
2242 805 2428 869 illum
2477 807 2695 872 Verrii

406 901 659 982 Flacci,
703 924 745 967 a
781 924 910 988 quo
953 904 1162 990 primo
1206 904 1599 988 consulitur,
1642 905 1983 992 aequalem
2022 929 2100 972 ac
2129 907 2414 973 fortasse
2446 909 2693 974 socium

304 1010 311 1015 '
408 1006 790 1088 Augusteae
821 1006 1022 1070 aetati
1064 1006 1450 1073 vindicavit.
1486 1006 1657 1072 'Iam
1698 1031 1854 1075 vero
1898 1009 2444 1095 quemadmodum
2482 1010 2693 1076 Varro

407 1114 788 1172 constanter
829 1107 1144 1173 ‘Aelium'
1186 1111 1493 1194 obsignat
1535 1111 1774 1177 omisso
1818 1122 1885 1176 et
1912 1112 2333 1197 praenomine
2364 1121 2429 1178 et
2460 1134 2691 1198 cogno⁴

403 1209 580 1273 mine
607 1245 693 1256 -—
718 1217 794 1274 ut
834 1209 988 1274 hinc
1027 1213 1242 1298 ipsum
1282 1213 1689 1299 improbetur
1726 1213 1977 1299 Eggeri
2015 1216 2183 1282 ratio
2215 1215 2279 1280 V
2311 1214 2433 1279 148
2475 1225 2540 1280 et
2572 1216 2697 1280 150

407 1316 740 1375 ‘Cornelius
778 1314 951 1376 Stilo’
995 1314 1062 1377 in
1105 1319 1198 1378 ‘L
1251 1319 1450 1378 Aelius
1489 1318 1659 1380 Stilo'
1700 1316 2016 1381 mutantis
2059 1354 2145 1366 -—
2183 1318 2277 1383 ita
2327 1317 2409 1381 de
2461 1315 2693 1382 eodem

403 1414 577 1480 idem
627 1414 804 1498 apud
850 1414 1158 1480 Verrium
1191 1414 1521 1481 -Flaccum
1572 1417 1773 1482 semel
1827 1409 2087 1504 saepius
2138 1441 2263 1483 usu
2314 1419 2523 1486 venit:
2578 1420 2693 1506 qui

405 1539 552 1580 cum
608 1517 1023 1601 undeviginti
1079 1517 1240 1584 locis
1300 1518 1565 1584 Aelium
1622 1519 1969 1602 Stilonem,
2044 1521 2258 1587 tribus
2332 1531 2396 1587 et
2452 1521 2693 1606 viginti

403 1616 663 1683 Aelium
717 1619 983 1684 Gallum
997 1669 1016 1703 ,
1060 1620 1404 1686 duodecim
1446 1621 1832 1709 simpliciter
1872 1623 2134 1688 Aelium
2177 1624 2507 1704 citaverit,
2560 1645 2689 1688 uno

404 1719 635 1785 saltem
688 1743 774 1785 ex
822 1721 924 1786 his
975 1721 1203 1788 titulus
1257 1724 1521 1789 additus
1558 1729 1667 1788 -‘in
1715 1732 2147 1804 explanatione
2192 1732 2528 1790 carminum
2578 1728 2689 1788 Sa-

403 1827 670 1886 liarium'
725 1833 1056 1890 auctorem
1114 1847 1246 1890 non
1305 1827 1464 1890 sinit
1521 1825 1870 1891 obscurum
1928 1850 2071 1891 esse
2084 1875 2103 1909 ,
2165 1849 2312 1891 cum
2372 1827 2457 1891 ab
2515 1825 2691 1890 Aelii

405 1923 583 1990 Galli
612 1926 904 2007 nomine,
947 1927 1160 2006 sicubi
1191 1927 1438 1993 diserta
1465 1927 1622 1992 libri
1652 1927 2129 2012 significatione
2160 1938 2467 2012 augetur,
2507 1951 2689 1993 num-

404 2049 600 2112 quam
641 2027 818 2093 absit
856 2051 1238 2113 cognomen.
1307 2028 1456 2094 Scio
1498 2028 1803 2115 equidem
1852 2030 1994 2095 fore
2044 2031 2156 2117 qui
2204 2039 2565 2118 provocent
2605 2029 2691 2093 ad

402 2128 586 2194 Festi
630 2130 848 2197 locum
893 2153 958 2216 p.
1000 2130 1126 2196 352
1167 2131 1259 2194 Μ.
1304 2130 1498 2197 valde
1548 2130 1965 2215 lacunosum,
2024 2134 2140 2199 ubi
2193 2155 2359 2220 quae
2414 2131 2493 2197 de
2545 2131 2691 2216 lege

403 2231 659 2296 curiata
700 2254 760 2295 a.
799 2232 1206 2297 DXXXIX.
1249 2232 1386 2298 lata
1434 2242 1817 2314 narrantur,
1875 2234 1943 2297 in
1998 2235 2223 2300 codice
2274 2235 2692 2320 excipiuntur

404 2333 626 2397 verbis
668 2369 755 2381 --
796 2339 902 2397 ‘vit
941 2337 1142 2396 Aelius
1179 2339 1243 2396 in
1285 2338 1426 2398 XII
1461 2339 1579 2413 εἰμ’
1596 2333 1649 2418 ¹)
1690 2373 1775 2383 -—
1817 2334 2132 2422 suppletis
2189 2335 2274 2400 ab
2317 2328 2559 2400 Ursino
2604 2344 2695 2398 ‘ut

402 2441 627 2501 notavit
677 2438 875 2501 Aelius
920 2441 981 2500 in
1023 2439 1167 2499 XII
1186 2442 1683 2515 siynificationum
1740 2443 2095 2504 verborum?
2182 2437 2381 2521 Quod
2435 2435 2687 2525 supple·
2727 2493 2732 2503 .

402 2546 694 2603 mentum
762 2560 952 2603 omne
1018 2538 1344 2604 editorum
1413 2548 1727 2624 punctum
1810 2542 1903 2603 ita
1972 2539 2153 2625 tulit,
2238 2551 2312 2608 ut
2392 2541 2506 2627 qui
2573 2562 2687 2603 nu—

401 2661 520 2726 per
584 2638 871 2723 glossam
938 2639 1128 2704 aliter
1195 2640 1673 2705 constituerunt
1728 2640 2172 2707 Mommsenus
2248 2643 2445 2728 (Mus.
2507 2640 2686 2705 rhen.

401 2740 580 2806 XIII
609 2740 734 2806 568
765 2742 936 2828 sqq.)
982 2741 1247 2828 eiusque
1290 2742 1591 2827 vestigiis
1632 2742 1943 2807 insistens
1974 2742 2304 2828 Bergkius
2338 2744 2458 2829 (ib.
2490 2742 2686 2807 XIX.

401 2867 465 2930 p.
497 2842 648 2929 606)
692 2843 846 2908 inde
887 2843 1049 2909 adeo
1095 2844 1675 2929 argumentationis
1719 2853 1973 2931 partem
2013 2856 2307 2932 repetere
2346 2867 2480 2909 non
2508 2866 2689 2909 vere-

402 2955 650 3010 rentur.
734 2943 1147 3031 Quamquam
1192 2968 1318 3031 quo
1359 2945 1553 3011 modo
1595 2945 1757 3011 haec
1798 2948 1879 3012 de
1918 2946 2062 3032 lege
2105 2948 2359 3013 curiata
2395 2947 2687 3011 narratio

401 3048 471 3110 in
510 3045 934 3112 iureconsulti
974 3045 1144 3112 libro
1200 3047 1283 3111 de
1335 3047 1688 3112 verborum
1742 3048 2219 3131 significatione
2270 3047 2485 3113 locum
2536 3059 2687 3135 apte

400 3148 736 3229 habuerit,
777 3170 861 3211 ne
899 3148 1002 3211 his
1046 3147 1308 3233 quidem
1351 3149 1508 3214 satis
1543 3149 1823 3233 contigit
1851 3148 2223 3235 explanare.
2285 3150 2425 3216 Nec
2453 3149 2688 3235 proba-

404 3249 540 3316 bile
569 3259 669 3314 est
712 3249 1062 3316 duodecim
1104 3250 1244 3314 eius
1298 3250 1512 3337 operis
1554 3250 1755 3316 libros
1803 3251 2040 3317 fuisse:
2094 3275 2245 3318 cum
2297 3276 2381 3317 ex
2431 3251 2687 3317 duobus

404 3360 660 3416 tantum
703 3350 1076 3436 fragmenta
1116 3353 1505 3417 nominatim
1534 3352 1903 3420 referantur
1932 3376 2135 3440 eaque
2166 3355 2260 3420 ita
2287 3361 2686 3441 comparata,

401 3462 478 3517 ut
517 3454 656 3519 fere
699 3454 1048 3540 suspiceris
1090 3452 1334 3520 librum
1375 3453 1788 3539 alphabetico
1833 3454 2062 3520 ordine
2113 3457 2319 3522 verba
2370 3454 2690 3541 discripta

403 3553 862 3639 exhibuisse.²)
930 3555 1134 3621 Recte
1171 3556 1376 3640 igitur
1417 3579 1760 3621 numerum
1802 3557 1887 3621 ad
1918 3556 2060 3622 XII
2089 3555 2347 3623 tabulas
2379 3556 2688 3641 Suringa-

540 3794 586 3861 ¹)
620 3798 740 3859 siff,
776 3812 887 3848 non
919 3796 1100 3862 siqni-,
1138 3799 1380 3845 testatur
1415 3796 1647 3847 Keilius.

536 3878 576 3943 ²)
616 3881 700 3930 Ex
736 3880 877 3931 libro
902 3881 930 3930 I
967 3880 1188 3947 glossae
1225 3882 1468 3932 citantur
1503 3881 1575 3931 ad
1610 3882 1837 3948 ‘paries’
1876 3880 2024 3950 (Di'g.
2052 3885 2136 3947 50,
2175 3884 2224 3947 6,
2265 3879 2381 3944 15⁷)
2422 3884 2478 3931 et
2515 3885 2687 3947 ‘post-

403 3966 618 4017 liminio
653 3970 962 4031 receptum’.
989 3963 1182 4030 (Fest.)
1211 3981 1278 4016 ex
1305 3965 1340 4017 l.
1361 3967 1424 4023 Π
1449 3971 1639 4027 ‘reus’,
1678 3967 1920 4033 ‘saltus’,
1958 3972 2216 4019 ‘torrens'
2244 3964 2461 4031 (Fest.),
2500 3966 2689 4017 ‘vesti-

402 4049 610 4101 bulum’
651 4049 821 4113 (Geli.
858 4050 987 4102 XVI
1021 4051 1070 4114 ὅ,
1110 4054 1158 4104 3.
1198 4050 1448 4102 Macrob.
1485 4051 1605 4103 Sat.
1640 4052 1717 4103 VI
1750 4051 1825 4117 8).
1897 4053 2052 4116 Quae
2090 4053 2237 4102 ratio
2273 4065 2386 4101 non
2422 4050 2690 4103 evertitur

403 4151 466 4186 eo
506 4134 648 4199 quod
692 4136 750 4185 in
786 4135 1038 4200 Digestis
1083 4135 1122 4186 1.
1163 4136 1200 4187 l.
1239 4136 1406 4186 etiam
1443 4138 1634 4188 ‘viae’
1682 4136 2019 4203 significatio
2065 4140 2347 4202 tamquam
2392 4152 2459 4187 ex
2503 4136 2686 4201 priore

399 4220 542 4271 libro
579 4221 868 4286 desumpta
905 4219 1149 4271 additur:
1187 4224 1410 4272 constat
1443 4222 1617 4285 enim,
1672 4223 1765 4286 qui
1802 4222 1908 4271 fuit
1941 4220 2129 4272 modus
2166 4237 2201 4271 a
2238 4220 2687 4287 compilatoribus

395 4304 752 4370 Digestorum
786 4306 1100 4371 institutus,
1137 4307 1278 4358 satis
1313 4305 1583 4359 infirmam
1629 4322 1749 4359 esse
1797 4320 1983 4358 earum
2028 4306 2455 4373 inscriptionum
2492 4310 2684 4358 aucto-

396 4389 636 4443 ritatem.
1712 4403 1719 4411 ·
