3016 4888
805 352 902 401 ns
946 351 1318 402 nvonncm
1363 349 1790 399 TABVLARVM
1834 348 2181 397 nsuomA.
2358 319 2365 326 ’
2598 333 2641 398 3

349 512 488 568 tum
531 515 708 570 esset
750 507 1010 572 sublata
1053 515 1204 571 sunt
1225 506 1308 591 ¹);
1366 505 1563 569 etiam
1604 503 1919 569 Plaetorii
1968 502 2457 590 plebeiscitum‚
2511 518 2640 588 quo

274 682 284 688 ‚
347 607 657 692 temporis
691 608 929 690 agendi
959 607 1108 671 finis
1140 607 1332 672 aliter
1359 615 1557 693 atque
1590 627 1673 670 ex
1704 603 1846 690 lege
1878 605 2271 671 constitutus
2304 601 2505 686 est²)'‚
2536 602 2639 669 his

653 747 760 756 —

485 828 526 894 ¹)
563 830 838 896 Ulpianus
873 830 942 880 D.
978 833 1040 904 9,ἡ
1066 833 1116 894 2,
1156 833 1204 880 1.
2278 869 2281 874 .

483 913 528 977 ²)
567 917 910 980 Quamquam
946 914 1013 965 de
1053 929 1118 965 eo
1155 929 1378 980 prorsus
1425 915 1701 967 diversam
1752 914 2089 964 sententiam
2134 911 2369 980 protulit
2412 912 2477 964 Ο.
2513 910 2641 964 Iah-

351 999 476 1049 nius
514 1015 581 1049 ex
617 999 908 1050 Censorini
941 985 1064 1050 loco
1102 999 1170 1050 de
1206 1000 1298 1050 die
1333 1003 1452 1052 nat.
1487 1015 1538 1050 c.
1576 1001 1645 1048 24
1689 999 1851 1048 ‘Hinc
1894 1006 2219 1062 suprema:
2264 1000 2487 1064 quamvis
2526 1001 2645 1062 plu-

349 1086 467 1134 rimi
495 1101 779 1149 supremam
809 1092 933 1150 post
965 1099 1198 1136 occasum
1231 1085 1356 1136 solis
1398 1099 1511 1135 csse
1546 1085 1867 1142 existimant,
1916 1084 2035 1148 quia
2068 1091 2147 1134 est
2180 1085 2235 1132 iu
2271 1083 2395 1134 XII
2430 1081 2643 1134 tabulis:

352 1167 535 1220 “Solis
570 1185 781 1220 occasus
814 1184 1054 1234 suprema
1098 1175 1372 1234 tempestas
1417 1171 1593 1222 esto.”
1663 1168 1773 1218 Sed
1801 1175 1989 1232 postea
2022 1167 2097 1219 M.
2133 1169 2431 1220 Plaetorius
2465 1175 2533 1217 tr.
2566 1170 2643 1234 pl.

349 1254 525 1302 scitum
561 1255 674 1304 tulit
708 1258 759 1302 in
794 1269 890 1320 quo
925 1256 1170 1319 scriptum
1204 1263 1310 1304 est:
1347 1255 1620 1304 “Praetor
1654 1251 1877 1303 urbanus
1912 1255 2000 1318 qui
2031 1269 2161 1303 nunc
2195 1260 2283 1310 esa
2297 1253 2477 1318 quique
2497 1259 2643 1316 post-

351 1337 448 1388 Izac
477 1339 596 1400 fuat
633 1337 746 1402 (fiat
781 1337 958 1402 codd.)
995 1340 1095 1390 duo
1130 1341 1337 1390 lictores
1371 1340 1515 1404 apud
1544 1353 1601 1390 se
1636 1338 1820 1389 habeto
1854 1343 1997 1403 isque
2035 1336 2099 1400 (s.
2138 1337 2321 1403 iisque)
2353 1348 2666 1402 supremam·

353 1425 426 1472 ad
453 1427 609 1474 solem
643 1439 874 1474 occasum
905 1426 1082 1490 iusque
1117 1426 1252 1474 inter
1285 1426 1419 1474 cives
1454 1421 1675 1477 dicito.”
1724 1423 1880 1484 Quae
1916 1422 2090 1472 verba
2110 1423 2343 1472 Iahnius
2370 1421 2431 1475 C.
2458 1422 2641 1473 Lach-

352 1509 544 1558 manni
581 1509 906 1560 coniectura
943 1513 1160 1574 ‘usque
1193 1511 1498 1574 supremam’
1536 1509 1703 1562 nisus·
1728 1509 1787 1557 in
1812 1523 1935 1558 eam
1959 1511 2173 1572 partem
2200 1507 2439 1572 accepit,
2480 1508 2643 1572 quasi

351 1592 458 1643 hac
492 1593 618 1659 lege
655 1595 840 1646 iussus
877 1597 1027 1644 esset
1051 1596 1276 1658 praetor
1313 1599 1547 1658 ‘usque
1571 1594 1655 1644 ius
1681 1593 1867 1644 dicere
1893 1609 1927 1658 p
1944 1608 2013 1644 er
2036 1607 2348 1659 supremam
2374 1592 2443 1642 ad
2467 1593 2646 1658 ipsum

348 1677 528 1728 solem
563 1693 848 1737 occasum,
889 1678 997 1726 etsi
1033 1693 1237 1742 praeco
1274 1693 1585 1743 supremam
1608 1678 1777 1744 paulo
1803 1683 1932 1728 ante
1958 1677 2094 1729 solis
2120 1693 2379 1728 occasum
2402 1693 2643 1742 pronun-

353 1763 557 1813 tiasset
583 1766 640 1813 et
661 1762 874 1813 iudices
899 1763 1242 1812 dimisisset)
1288 1763 1360 1811 At
1383 1762 1468 1812 his
1502 1764 1611 1814 etsi
1633 1761 1915 1813 Rudorffio
1949 1777 2165 1827 quoque
2200 1763 2449 1828 probatis
2475 1763 2645 1826 (Hist.

353 1849 462 1898 Iur.
488 1847 642 1898 Rom.
667 1849 696 1899 1
722 1850 840 1900 103.
862 1847 918 1898 II
945 1850 1011 1898 66
1035 1847 1111 1912 n.)
1138 1847 1388 1912 equidem
1414 1847 1745 1913 adstipulari
1768 1849 2091 1912 neutiquam
2116 1861 2357 1913 possum.
2398 1849 2645 1914 Namque

355 1947 478 1982 cum
514 1933 655 1983 mira
687 1932 819 1982 hinc
857 1933 1099 1983 efficitur
1136 1937 1305 1996 atque
1343 1932 1584 1983 molesta
1622 1933 1869 1984 eiusdem
1904 1934 1989 1982 rei
2022 1933 2080 1982 in
2116 1937 2351 1996 utraque
2396 1931 2524 1998 lege
2559 1950 2645 1984 re—

353 2017 580 2082 petitio3
615 2022 730 2067 tum
763 2010 896 2068 vero
934 2018 1081 2068 omni
1115 2017 1224 2068 fide
1261 2021 1416 2068 caret
1449 2021 1809 2084 praeceptum
1844 2017 1953 2068 XII
1997 2016 2141 2084 legis
2179 2016 2478 2082 aliquando
2515 2020 2647 2070 abo-

353 2101 514 2152 litum
549 2103 724 2152 fuisse
765 2105 821 2150 et
855 2101 982 2166 lege
1017 2101 1304 2151 Plaetoria
1340 2103 1676 2152 restitutum.
1730 2104 1900 2153 Immo
1938 2102 2069 2167 quid
2104 2103 2189 2153 rei
2224 2102 2297 2152 sit
2334 2104 2645 2154 certissime

359 2185 544 2235 elucet
582 2201 648 2235 ex
670 2185 936 2235 Varronis
974 2185 1040 2235 de
1078 2185 1114 2234 1.
1143 2185 1182 2244 l,
1220 2185 1340 2235 loco
1375 2186 1454 2237 VI
1490 2188 1523 2236 5
1563 2186 1837 2251 ‘Suprema
1855 2203 2101 2236 ’summum
2136 2189 2267 2244 diei,
2311 2189 2369 2236 id
2400 2205 2433 2236 a
2466 2203 2647 2252 super-

353 2272 498 2320 rima.
571 2271 690 2320 Hoc
723 2275 918 2334 tempus
953 2267 1077 2318 XII
1113 2269 1314 2319 tabulae
1343 2271 1533 2320 dicunt
1574 2287 1805 2322 occasum
1849 2287 1961 2321 esse
1994 2272 2146 2322 solis:
2188 2273 2287 2322 sed
2326 2279 2517 2336 postea
2558 2275 2649 2322 leoe

354 2356 623 2405 Plaetoria
657 2355 713 2404 id
749 2369 945 2420 quoque
969 2360 1164 2418 tempus
1199 2355 1335 2404 iubet
1357 2371 1470 2406 esse
1493 2371 1789 2420 supremum,
1828 2371 1925 2420 quo
1946 2343 2142 2419 praeco
2166 2358 2219 2405 in
2244 2358 2443 2407 comitio
2468 2372 2649 2422 supre-

354 2457 480 2490 mam
512 2441 864 2505 prommtiavit
896 2441 1128 2505 populo)
1173 2439 1294 2501 Quo
1329 2438 1454 2491 loco
1491 2440 1597 2491 duo
1634 2439 1799 2491 simul
1834 2440 2151 2491 edocemur:
2188 2442 2423 2507 primum
2446 2457 2647 2509 reapse

357 2526 685 2591 abrogatam
723 2540 847 2575 esse
887 2524 1169 2589 antiquam
1216 2524 1396 2589 legem
1443 2541 1476 2573 a
1513 2524 1793 2575 Plaetorio
1840 2526 1922 2574 ita
1970 2525 2215 2590 quidem,
2244 2522 2325 2576 'ut
2368 2542 2466 2593 pro
2512 2526 2647 2577 solla

355 2624 563 2661 occasu
595 2634 665 2647 —
701 2622 843 2672 quae
892 2612 977 2658 est
1023 2609 1246 2673 proprie
1291 2624 1550 2675 suprema
1595 2612 1897 2673 tempestas
1931 2636 2000 2646 —
2034 2609 2157 2661 finis
2204 2614 2543 2662 statueretur
2590 2612 2648 2664 id

353 2698 598 2761 tempus,
635 2682 762 2757 *quo
809 2708 1121 2759 suprema
1164 2696 1759 2759 pronuntiaretur,
1816 2693 1873 2743 id
1920 2699 2006 2745 est
2049 2698 2193 2747 teste
2238 2696 2421 2747 Plinio
2468 2696 2541 2747 H.
2579 2696 2647 2748 N.

353 2779 459 2829 VII
494 2780 578 2843 60,
615 2780 714 2828 212
753 2792 858 2843 quo
896 2793 929 2827 a
966 2778 1220 2829 columna
1253 2778 1480 2829 Maenia
1526 2779 1600 2827 ad
1648 2792 1927 2828 carcerem
1964 2779 2171 2843 (arcem
2206 2778 2539 2845 Urlichsius)
2578 2782 2649 2831 si-

355 2862 455 2913 dus
501 2864 814 2914 inclinaret.
895 2862 977 2911 Ac
1021 2862 1354 2927 respondent
1399 2862 1508 2915 sibi
1540 2858 1701 2928 'haud
1746 2863 1939 2913 dubie:
1994 2868 2108 2915 ‘sol
2152 2880 2365 2916 occasus
2406 2880 2645 2930 suprema

358 2953 630 3012 tempestas
665 2951 794 2997 esco’
835 2952 890 3017 et
925 2947 1006 2996 ‘id
1038 2963 1234 3013 quoque
1269 2954 1463 3013 tempus
1497 2946 1671 3011 iubet
1706 2962 1817 2998 esse
1850 2953 2175 3012 supremum)
2220 2948 2437 3000 Deinde
2464 2953 2648 3000 autem
2693 2936 2701 2943 ⁴

359 3031 719 3083 Censorinum
754 3034 817 3091 ut
852 3031 995 3081 alias
1032 3047 1202 3098 saepe
1235 3032 1320 3081 ita
1355 3032 1447 3082 hic
1485 3047 1701 3098 quoque
1726 3032 2029 3084 Varronem
2056 3035 2419 3100 exscripsisse
2456 3038 2517 3084 ut
2550 3050 2651 3099 per

358 3132 418 3167 se
457 3116 724 3168 credibile
761 3120 848 3167 est
882 3117 964 3167 ita
997 3118 1184 3168 vorbis
1222 3118 1350 3167 ‘sed
1377 3122 1591 3184 postca’
1629 3116 1944 3169 luculenter
1990 3118 2293 3170 evincitur:
2339 3134 2481 3183 quae
2528 3120 2647 3184 qui-

357 3202 483 3252 dem
531 3216 653 3253 cum
689 3201 928 3252 Varroni
963 3202 1167 3267 optime
1216 3204 1576 3267 conveniant,
1613 3207 1729 3253 tum
1773 3218 1809 3254 a
1846 3202 2136 3255 Censorini
2182 3204 2415 3254 consilio
2460 3202 2650 3254 aliena

359 3293 510 3353 sunt„
571 3288 711 3337 Nam
759 3285 901 3351 quod
936 3286 1162 3337 Iahnius
1207 3290 1498 3352 utrumque
1547 3289 1833 3339 existimat
1875 3289 2002 3355 lege
2048 3287 2339 3339 Plaetoria
2382 3289 2492 3349 uti,
2540 3290 2649 3355 qua

357 3372 734 3423 demonstrent
767 3384 1077 3435 supremam
1111 3385 1221 3421 non
1256 3377 1382 3437 post
1417 3387 1676 3423 occasum
1713 3372 1845 3425 solis
1880 3372 2096 3424 demum
2130 3374 2407 3439 incipere,
2442 3374 2543 3424 sed
2582 3390 2650 3424 ex

361 3473 466 3523 quo
503 3472 758 3523 suprema
795 3455 949 3505 dicta
985 3456 1084 3517 sit,
1121 3455 1397 3507 immerito
1435 3457 1507 3507 ad
1542 3458 1845 3509 Varronem
1888 3458 2061 3509 refert
2106 3458 2253 3522 quod
2298 3458 2403 3508 soli
2441 3458 2649 3509 Censo-

359 3543 480 3593 rino
513 3542 864 3592 tribuendum
901 3550 986 3593 est
1023 3547 1190 3608 atque
1229 3540 1366 3591 adeo
1403 3542 1619 3592 crimini
1640 3542 1985 3596 vertendum.
2041 3542 2187 3605 Quid
2210 3543 2393 3593 enim?
2442 3544 2650 3607 Ecquis

361 3632 534 3678 sanus
564 3626 724 3677 homo
761 3642 828 3678 ex
863 3628 1046 3679 verbis
1081 3626 1224 3691 legis
1271 3626 1453 3693 hisce:
1493 3630 1618 3679 ‘Sol
1659 3644 1869 3679 occasus
1912 3643 2150 3693 suprema
2192 3632 2467 3692 tempestas
2510 3631 2647 3678 esto’

359 3714 465 3762 hoc
513 3710 726 3763 efficiat
771 3726 1081 3779 supremam
1125 3716 1280 3779 post
1335 3711 1545 3762 solem
1592 3726 1850 3763 occasum
1900 3727 2049 3774 esse,
2094 3712 2152 3762 id
2198 3710 2341 3778 quod
2386 3710 2651 3777 plurimos

346 3795 489 3847 'inde
527 3796 792 3861 colligere
829 3796 1072 3848 affirmat
1108 3800 1337 3848 auctor?
1384 3798 1446 3847 Id
1482 3799 1532 3847 si
1570 3798 1787 3863 quidem
1825 3798 2113 3863 quisquam
2150 3797 2409 3862 credidit,
2448 3796 2649 3849 saltem

361 3897 472 3932 non
504 3882 653 3932 hanc
691 3882 1052 3933 ob'caussam
1089 3882 1339 3933 credidit.
1412 3880 1522 3932 Sed
1557 3884 1678 3934 sive
1714 3898 1912 3934 revera
1955 3882 2067 3933 ista
2104 3883 2292 3949 opinio
2332 3882 2506 3933 latius
2552 3898 2650 3947 pa·

360 3968 520 4017 'tebat
553 3968 670 4019 sive
703 3966 763 4015 in
799 3967 981 4031 scirpo
1016 3967 1216 4018 nodum
1262 3967 1482 4031 quaerit
1518 3967 1878 4031 Censorinus,
1928 3971 2079 4018 certe
2126 3966 2355 4018 mirifice
2406 3966 2652 4017 abutitur

363 4052 484 4102 loco
529 4052 876 4103 Varroniano
921 4051 992 4101 ad
1034 4052 1422 4103 difficultatem
1467 4052 1575 4103 sibi
1620 4053 1730 4118 ipsi
1778 4058 2021 4103 creatam
2048 4084 2057 4089 -
2081 4051 2519 4105 convellendam.
2600 4052 2651 4101 A

360 4138 610 4188 Varrone
649 4137 792 4188 enim
829 4142 1038 4187 certum
1075 4137 1341 4187 eiusmodi
1377 4136 1667 4189 consilium
1702 4136 1867 4203 plane
1904 4138 2089 4189 abest:
2127 4137 2223 4201 qui
2258 4152 2396 4188 ansa
2420 4137 2555 4187 data
2580 4135 2651 4186 ad
2752 4144 2757 4148 ·

362 4220 693 4275 vocabulum
729 4226 1008 4287 ‘suprema’
1047 4221 1388 4274 diversarum
1423 4224 1611 4288 legum
1648 4222 1716 4272 de
1752 4236 2008 4290 suprema
2044 4222 2156 4273 diei
2193 4222 2475 4273 iudicialis
2510 4225 2651 4272 tem-

361 4301 582 4372 pestate
619 4308 950 4371 mentionem
986 4308 1162 4358 inicit.
1236 4308 1388 4371 Quas
1425 4307 1581 4374 leg-es
1618 4309 1677 4358 in
1713 4322 1869 4358 suum
1903 4322 2066 4359 usum
2103 4312 2357 4374 arreptas
2396 4306 2651 4357 Censori·

363 4406 466 4443 nus
503 4408 622 4443 cum
673 4394 754 4443 ita
796 4395 945 4445 inter
987 4410 1047 4445 se
1093 4395 1434 4459 opposuerit,
1483 4398 1547 4443 ut
1590 4409 1685 4459 pro
1731 4410 1868 4446 vera
1913 4394 2222 4459 argumenti
2248 4380 2652 4459 -discrepantia

2152 4477 2247 4539 1*
