3016 4888
448 352 533 417 26
1285 369 1511 417 CAPv'r
1554 368 1905 417 ALTERVM.

453 521 711 607 (Cicero
741 520 923 587 Lael.
956 520 1053 605 1.).
1124 522 1266 587 Iam
1309 522 1474 608 legis
1513 523 2115 609 interpretationem
2157 522 2356 587 Acilii
2395 524 2774 610 probabile

451 634 552 691 est
579 645 711 688 non
739 622 1016 688 multum
1045 624 1379 692 diversam
1408 624 1492 691 ab
1524 624 1698 690 Aelii
1727 624 1961 690 fuisse:
1998 624 2184 689 cuius
2218 648 2366 690 eum
2395 624 2771 713 aequalem
2847 660 2854 667 ·

450 724 743 810 inteIlegi
782 728 1131 792 coniuncta
1170 716 1506 813 utriusque
1551 738 1617 793 et
1655 724 1832 813 apud
1871 724 2306 813 Pomponium
2337 738 2403 795 et
2430 738 2504 794 ut
2535 734 2768 795 ‘vete-

448 850 595 892 rum
622 828 1080 915 interpretum’
1111 830 1287 917 apud
1317 829 1701 897 Ciceronem
1729 829 1968 894 mentio
2000 828 2371 916 persuadet.

576 930 722 995 Iam
745 954 789 997 v
803 952 838 995 e
851 940 878 996 t
892 954 926 995 e
939 931 1063 998 rib
1076 954 1120 996 u
1138 954 1167 996 s
1192 931 1661 1019 interpretibus
1684 932 1913 998 Cicero
1939 932 2212 1019 opponit
2225 932 2302 995 L.
2323 932 2386 996 A
2401 930 2562 996 eliu
2576 954 2640 995 m
2663 932 2761 1015 ¹),

450 1030 703 1098 scilicet
735 1032 781 1097 S
799 1031 947 1100 tilo
961 1056 1004 1096 n
1016 1056 1051 1098 e
1063 1056 1129 1098 m
1150 1035 1623 1100 Praeconinum
1645 1034 1831 1099 illum
1841 1034 2265 1101 Lanuvinum
2287 1036 2765 1119 grammatico-

448 1156 593 1199 rum
622 1133 989 1199 studiorum
1020 1144 1353 1202 auctorem
1372 1185 1390 1219 ,
1437 1159 1631 1224 quem
1670 1139 1972 1217 novimus
2014 1138 2100 1202 ad
2142 1135 2561 1223 disciplinam
2589 1158 2762 1223 pro·
2835 1215 2842 1219 ¹

403 1298 411 1306 .
449 1236 817 1302 vehendam
862 1238 1320 1324 antiquissima
1358 1238 1623 1324 linguae
1662 1248 2085 1305 monumenta
2125 1238 2612 1304 commentariis
2640 1240 2761 1303 in-

450 1338 795 1403 struxisse.
872 1338 1077 1404 Cuius
1122 1363 1205 1404 ex
1245 1340 1785 1427 interpretatione
1816 1340 1978 1424 legis
2011 1349 2270 1427 praeter
2301 1340 2596 1405 ‘lessum'
2629 1363 2758 1405 ex-

446 1438 765 1525 plicatum
780 1441 1025 1507 hausta
1048 1428 1352 1508 est'Festi
1377 1443 1598 1531 glossa
1618 1442 1705 1507 ad
1728 1444 2078 1508 ‘sonticum
2101 1443 2426 1508 morbum'
2449 1465 2515 1529 p.
2529 1442 2754 1527 290.2)

449 1541 657 1627 Atqui
687 1541 766 1606 de
798 1544 938 1607 eius
970 1544 1224 1609 ratione
1255 1554 1320 1611 et
1348 1543 1569 1610 indole
1613 1546 1670 1608 si
1710 1544 2082 1632 quaerimus
2098 1593 2117 1626 ‚
2170 1542 2240 1608 in
2276 1544 2755 1629 gravissimam

448 1644 963 1709 controversiam
1004 1667 1081 1711 ac
1123 1646 1553 1712 multifariam
1596 1656 1903 1713 vexatam
1942 1647 2292 1712 incidimus
2323 1667 2492 1734 quae
2523 1654 2624 1711 est
2654 1644 2753 1711 de

444 1744 652 1810 Aeliis
683 1744 1219 1814 internoscendis.
1279 1748 1448 1814 Nam
1490 1772 1643 1815 cum
1681 1758 1946 1835 praeter
1985 1748 2052 1813 S.
2085 1748 2346 1814 Aelium
2390 1758 2456 1812 et
2496 1749 2574 1812 L.
2607 1751 2748 1811 Ae-

443 1845 605 1911 lium
637 1846 835 1912 etiam
866 1848 939 1914 O.
974 1849 1151 1914 Aelii
1182 1849 1362 1915 Galli
1402 1853 1514 1938 qui
1555 1850 1820 1935 scripsit
1860 1850 1941 1914 de
1983 1848 2464 1933 significatione
2503 1850 2748 1914 verbo-

445 1970 592 2013 rum
636 1972 802 2036 quae
843 1950 932 2014 ad
975 1953 1077 2015 ius
1132 1950 1323 2017 civile
1371 1951 1733 2039 pertinent,
1783 1950 1958 2037 apud
2010 1950 2275 2015 Festum
2327 1960 2393 2014 et
2444 1950 2744 2015 Gellium

443 2059 625 2117 extet
653 2050 969 2119 memoria
981 2054 1067 2139 3):
1101 2075 1137 2118 e
1167 2052 1485 2120 librorum
1517 2052 1750 2118 similis
1783 2075 1978 2139 saepe
2009 2053 2379 2138 argumenti
2409 2051 2568 2139 quid
2601 2054 2742 2119 cui·

579 2276 618 2342 ¹)
658 2279 745 2329 ‘L.
771 2278 985 2329 Aelius’
1023 2280 1130 2328 isto
1166 2276 1290 2329 loco
1324 2278 1570 2328 Turnebi
1606 2278 1822 2327 demum
1861 2277 2245 2328 emendatione
2283 2293 2437 2328 suum
2472 2277 2740 2327 honorem

442 2367 643 2413 nactus
683 2366 793 2427 est,
837 2377 959 2413 cum
992 2362 1051 2410 in
1085 2361 1242 2411 libris
1278 2363 1351 2412 sit
1387 2361 1662 2413 ‘Laelius’
1695 2389 1765 2399 —-
1801 2362 2078 2429 frequenti
2125 2362 2376 2414 codicum
2420 2360 2614 2412 mendo
2655 2362 2732 2413 cf.

442 2447 643 2498 Cicero
678 2447 745 2499 de
785 2465 862 2499 or.
896 2449 926 2500 I
960 2449 1045 2510 62,
1080 2447 1197 2500 265.
1216 2448 1446 2498 ‘Plinius
1480 2448 1612 2498 XIV
1647 2451 1713 2499 92
1750 2465 1840 2498 —-:
1884 2447 2027 2499 unde
2075 2451 2202 2514 post
2249 2447 2392 2498 alios
2425 2447 2736 2498 Dirksenus

440 2548 655 2599 quoque
690 2531 744 2599 Ρ.
775 2537 861 2596 12,
900 2533 1192 2584 Pernicius
1228 2533 1456 2598 Encycl.
1493 2534 1624 2583 Hal.
1664 2534 1771 2583 vol.
1798 2537 1864 2585 28
1901 2551 1954 2598 p.
1981 2536 2110 2597 321,
2147 2533 2392 2584 Wiesius
2427 2531 2592 2582 deM.
2618 2533 2738 2582 Va-

444 2617 582 2668 lerio
617 2618 888 2668 Messalla
924 2634 977 2683 Ρ.
1007 2621 1071 2669 75
1107 2619 1295 2668 nescio
1332 2633 1491 2682 quem
1515 2616 1769 2666 Laelium
1805 2618 1864 2666 in
1887 2617 1997 2667 XII
2022 2618 2176 2669 tabb.
2210 2617 2611 2683 interpretibus
2647 2633 2733 2667 re·

440 2703 642 2755 ferunt.
715 2703 831 2752 Nec
867 2703 1047 2753 tenuit
1080 2701 1184 2752 hoc
1220 2702 1311 2767 qui
1347 2715 1636 2767 perperam
1670 2701 1734 2748 L.
1773 2701 2082 2765 nuncupari
2117 2716 2216 2765 pro
2255 2701 2309 2753 S.
2343 2701 2505 2752 Aelio
2543 2702 2736 2766 opina·

440 2792 529 2838 tus
568 2791 653 2838 est
688 2787 1007 2840 Vaassenus
1042 2788 1221 2840 Anim.
1260 2785 1330 2836 ad
1367 2787 1498 2840 fast.
1536 2801 1587 2851 p.
1615 2787 1730 2836 223.
1789 2783 2128 2836 Budorffium
2163 2800 2296 2836 vero
2331 2786 2528 2834 mirum
2566 2802 2736 2851 quan·

441 2879 555 2922 tum
592 2872 737 2922 ratio
774 2872 981 2922 fefellit
1018 2886 1140 2922 cum
1164 2873 1229 2924 L.
1255 2870 1438 2921 Acilio
1462 2873 1529 2924 L.
1555 2870 1770 2921 Aelium
1797 2870 2225 2922 confundentem
2248 2870 2320 2923 H.
2345 2870 2380 2919 i.
2407 2885 2450 2919 r.
2476 2871 2505 2920 Ι
2529 2886 2580 2935 p.
2609 2873 2730 2923 261.

443 2956 697 3008 Ceterum
734 2957 800 3007 de
833 2956 983 3006 Aelii
1018 2960 1209 3006 aetate
1244 2958 1468 3022 praeter
1504 2954 1646 3004 alios
1683 2955 1967 3005 adeundus
2007 2959 2090 3006 est
2125 2955 2463 3006 Ritschelius
2497 2955 2729 3021 Parerg.

440 3044 469 3093 I
506 3060 559 3107 p.
598 3045 698 3094 239
736 3042 809 3092 cf.
845 3041 1025 3106 praef.
1062 3039 1194 3090 XXI
1232 3039 1325 3104 qui
1361 3053 1485 3090 eum
1520 3037 1735 3089 Lucilio
1783 3041 1934 3088 circa
1983 3057 2030 3090 a.
2067 3040 2189 3091 100
2227 3045 2356 3090 nato
2399 3056 2510 3090 non
2555 3041 2730 3091 multo

442 3128 708 3178 minorem
744 3126 919 3176 fuisse
957 3124 1189 3190 colligit.
2179 3141 2195 3152 ·

575 3209 616 3272 ²)
653 3211 793 3260 Nam
829 3208 968 3275 quod
1004 3207 1302 3259 Lerschius
1339 3207 1549 3259 Philos.
1586 3207 1810 3272 linguae
1847 3211 1958 3258 vet.
1993 3207 2081 3257 111
2116 3223 2169 3272 p.
2200 3209 2297 3258 146
2322 3224 2401 3275 sq.
2442 3208 2728 3261 contendit

442 3293 811 3362 probavitque
849 3293 1269 3345 Graefenhanio
1305 3291 1453 3343 Hist.
1487 3292 1623 3358 phil.
1648 3293 1706 3343 11
1740 3309 1791 3358 p.
1819 3294 1944 3353 336,
1983 3308 2362 3360 quaecumque
2397 3293 2545 3344 Aelii
2582 3293 2730 3360 glos-

442 3395 539 3431 sae
576 3379 979 3444 etymologicae
1008 3376 1155 3442 apud
1177 3378 1479 3429 Varronem
1503 3378 1734 3428 Festum
1761 3377 1899 3429 alios
1927 3377 2202 3438 feruntur,
2241 3393 2430 3429 omnes
2469 3395 2535 3428 ex
2573 3378 2730 3430 illius

440 3467 500 3515 in
542 3463 824 3516 Saliorum
870 3464 1120 3514 carmina
1166 3466 1332 3525 atque
1377 3462 1433 3510 in
1469 3461 1578 3511 XII
1613 3462 1834 3513 tabulas
1882 3461 2290 3514 commentariis
2336 3463 2534 3514 ductas
2586 3477 2730 3526 esse,

441 3563 683 3616 prorsus
701 3552 856 3599 caret
889 3547 1087 3599 idoneo
1126 3546 1481 3597 fundamento
1520 3562 1587 3597 ex
1622 3548 1761 3613 ipsis
1796 3546 2082 3598 vocabulis
2120 3547 2390 3613 expeditis
2438 3563 2579 3614 quae
2615 3563 2728 3598 ma-

441 3636 645 3686 ximam
686 3637 902 3700 partem
949 3631 1122 3682 alieni
1170 3633 1482 3696 argumenti
1527 3635 1656 3681 sunt
1699 3631 2017 3696 repetendo.
2099 3633 2172 3682 Et
2227 3633 2618 3684 conferendum
2662 3633 2730 3683 de

440 3719 593 3770 illius
638 3716 1114 3784 interpretationis
1160 3731 1363 3784 genere
1401 3716 1666 3766 Varronis
1710 3715 1972 3766 iudicium
2008 3716 2074 3767 de
2111 3715 2148 3765 l.
2187 3716 2225 3768 1.
2261 3718 2368 3767 VII
2403 3721 2452 3769 2.
2525 3719 2727 3780 Quam·

443 3819 605 3870 quam
642 3818 711 3852 ne
748 3801 816 3852 de
854 3806 1199 3865 ‘etymorum’
1239 3801 1458 3866 quidem
1494 3801 1611 3852 sive
1649 3800 1740 3851 ‘de
1785 3801 2000 3867 origine
2035 3802 2348 3852 verborum'
2386 3802 2546 3853 libris
2593 3818 2729 3867 quos

443 3889 542 3940 alii
596 3889 849 3938 statuunt
905 3885 1199 3951 quidquam
1253 3889 1491 3937 constat.
1581 3885 1818 3936 Omnino
1868 3885 2293 3951 haudquaquam
2343 3887 2528 3938 omnia
2585 3901 2728 3950 quae

440 3972 599 4024 Aelio
637 3971 949 4022 tribuuntur
986 3970 1055 4020 ab
1093 3971 1213 4036 ipso
1250 3971 1362 4021 iam
1396 3970 1601 4022 litteris
1638 3970 1904 4021 mandata
1941 3971 2143 4035 fuisse,
2191 3971 2288 4021 sed
2323 3967 2370 4022 'a
2417 3970 2726 4037 discipulis,

440 4058 688 4109 Varrone
724 4054 987 4118 maxime,
1026 4071 1093 4105 ex
1130 4056 1411 4107 auditione
1438 4055 1648 4106 tradita
1683 4057 1810 4122 ipsa
1833 4055 2096 4107 Varronis
2131 4058 2193 4105 in
2231 4053 2452 4106 citando
2477 4055 2722 4107 variatio

336 4158 341 4162 ·
440 4141 680 4192 indicat:
720 4140 923 4190 ‘Aelius
955 4140 1165 4191 scribit’
1202 4143 1253 4192 V
1290 4143 1369 4192 18.
1408 4140 1491 4191 21.
1531 4142 1614 4193 25.
1663 4141 1756 4190 εΑ.
1797 4141 2027 4190 dicebat’
2066 4140 2116 4191 V
2151 4140 2234 4188 66.
2275 4140 2387 4193 101.
2435 4140 2513 4190 VI
2548 4142 2596 4192 7.
2651 4139 2725 4191 cf.

443 4224 511 4276 de
546 4239 589 4274 r.
626 4241 669 4277 r.
707 4221 793 4275 ΠΙ
832 4227 911 4275 13.
949 4223 1165 4275 Gellius
1198 4225 1227 4274 Ι
1263 4225 1341 4276 18.

577 4307 620 4372 ³)
657 4308 815 4359 Mera
850 4314 1034 4361 autem
1070 4310 1391 4360 coniectura
1426 4324 1607 4374 neque
1647 4325 1714 4359 ea
1748 4306 2027 4374 probabili
2063 4306 2295 4358 effectus
2331 4311 2422 4358 est
2447 4305 2506 4360 C.
2535 4307 2727 4359 Aelius

444 4393 586 4446 Stilo
623 4410 688 4444 ex
720 4393 985 4444 Varronis
1020 4393 1262 4445 lectione
1300 4391 1590 4444 Cornelius
1627 4392 1768 4443 Stilo
1805 4392 1873 4442 de
1908 4390 1947 4441 l.
1983 4391 2024 4441 l.
2063 4391 2110 4442 V
2148 4393 2246 4442 148
2291 4397 2347 4444 et
2398 4394 2523 4444 150:
2572 4393 2726 4442 cuius

2983 184 2985 197 ,,
2983 148 2985 155 ,
2941 3 2986 125 .—,J
