3016 4888
430 334 515 397 30
1264 345 1489 394 cAPv'r
1533 346 1885 395 ALTERVM.

429 523 625 587 quam
642 501 899 567 ‘idcirco
929 523 1063 567 non
1093 523 1168 567 eo
1198 500 1551 586 procedam
1580 523 1730 566 cum
1750 500 2073 566 Merkelio
2106 502 2157 566 1.·
2176 501 2241 584 1.,
2264 511 2339 568 ut
2361 525 2472 568 eos
2496 525 2718 568 omnes

429 625 562 668 non
591 625 677 668 ex
705 603 910 689 ipsius
941 603 1019 668 L.
1054 602 1266 685 Aelii,
1301 603 1417 667 sed
1448 625 1533 667 ex
1564 602 2034 689 discipulorum
2066 603 2205 670 eius
2236 606 2523 668 maxime
2553 605 2719 669 Var-

427 705 606 771 ronis
651 705 914 792 scriptis
960 704 1230 771 haustos
1274 727 1315 769 a
1342 705 1583 769 Verrio
1624 727 1769 770 esse
1812 714 2127 771 statuam:
2174 707 2287 792 qui
2324 707 2486 770 mire
2531 728 2719 790 argu-

429 813 756 871 mentatur
794 830 926 872 non
968 807 1266 872 decuisse
1296 807 1605 871 Verrium
1645 805 2037 872 familiarem
2076 809 2479 894 eandemque
2521 809 2720 874 hono·

430 908 686 972 rificam
724 907 1250 996 appellationem.
1316 908 1447 974 Sed
1489 910 1756 995 propior
1800 932 2039 975 caussa
2078 920 2200 974 est.
2260 909 2586 974 Nimirum
2615 910 2722 975 vir
2784 949 2793 962 ,

427 1008 913 1075 illustrissimus
960 1017 979 1047 ²
995 1013 1530 1098 antiquitatisque
1560 1012 1893 1077 Romanae
1923 1021 1989 1076 et
2015 1013 2085 1077 in
2114 1013 2397 1077 inventis
2427 1013 2623 1076 rebus
2655 1019 2723 1075 et

425 1113 498 1176 in
513 1113 677 1177 actis
698 1113 1214 1199 scriptorumque
1233 1122 1529 1179 veterum
1548 1114 1831 1180 litterate
1850 1115 2122 1198 peritus'
2140 1113 2397 1198 (Cicero
2412 1114 2601 1179 Brut.
2613 1112 2721 1194 56,

426 1214 605 1296 205),
637 1201 1107 1299 grammaticae
1133 1214 1519 1301 disciplinae
1560 1216 1859 1281 conditor
1910 1225 1977 1280 et
2006 1225 2319 1302 patronus
2337 1264 2354 1297 ‚
2398 1216 2719 1280 Varronis

427 1316 747 1400 magister
773 1339 814 1381 a
835 1316 1074 1403 populo
1094 1317 1460 1383 celebratus
1491 1341 1711 1382 carere
1738 1327 1996 1405 poterat
2010 1318 2421 1383 accuratiore
2441 1317 2724 1381 nominis

429 1418 938 1502 significatione:
985 1420 1065 1484 de
1106 1419 1218 1486 illo
1261 1420 1607 1512 cogitabat·
1638 1419 1932 1506 quisquis
1975 1419 2150 1485 Aelii
2188 1408 2426 1483 nomen
2464 1416 2720 1505 praedi-

433 1521 568 1584 cari
598 1519 929 1598 audiebat.
995 1520 1241 1588 Contra
1272 1520 1447 1588 Aelii
1479 1522 1659 1587 Galli
1690 1531 1755 1588 et
1793 1523 1971 1587 intra
2008 1529 2325 1605 angustos
2368 1519 2529 1584 fines
2574 1540 2719 1584 sese

429 1622 756 1688 continuit
797 1621 1097 1688 doctrina
1150 1633 1217 1690 et
1257 1625 1344 1689 ad
1385 1624 1693 1709 augenda
1746 1622 2117 1710 aequalium
2170 1621 2393 1687 studia
2444 1622 2717 1706 gravius

427 1733 826 1816 momentum
854 1723 1106 1789 nullum
1135 1726 1390 1793 habuit.
1423 1727 1610 1808 Quae
1640 1748 1788 1791 cum
1817 1726 1913 1790 ita
1942 1725 2093 1806 sint,
2124 1726 2257 1788 iam
2288 1747 2438 1788 cum
2466 1745 2720 1788 summa

429 1825 826 1891 confidentia
853 1828 1280 1914 pronuntiare
1309 1827 1495 1893 licet:
1541 1828 1914 1914 ubicunque
1954 1826 2132 1912 apud
2172 1825 2527 1910 scriptores
2570 1824 2717 1889 sim-

426 1927 582 2013 plex
621 1926 796 1993 Aelii
837 1930 1080 1995 mentio
1123 1939 1340 2013 extet,
1385 1951 1588 1994 unum
1625 1929 1705 1993 L.
1750 1928 2010 1994 Aelium
2050 1926 2367 1993 Stilonem
2405 1922 2716 2010 intellegi.

427 2029 534 2093 De
575 2050 706 2115 qua
744 2052 816 2094 re
856 2040 932 2096 ut
972 2053 1161 2097 nemo
1204 2031 1537 2097 dubitabit
1577 2030 1756 2117 apud
1787 2030 2171 2095 Ciceronem
2212 2028 2395 2093 Brut.
2428 2027 2537 2109 46,
2573 2027 2715 2090 169.

429 2128 909 2211 Quintilianum
950 2132 987 2196 I
1025 2133 1099 2215 6,
1141 2133 1245 2198 37.
1299 2133 1682 2199 Suetonium
1726 2131 1807 2196 de
1851 2154 2125 2217 gramm.
2176 2139 2241 2195 et
2280 2131 2443 2194 rhet.
2485 2152 2550 2215 p.
2599 2129 2715 2191 101

426 2231 616 2297 Reiff.
649 2243 714 2299 et
742 2257 808 2320 p.
842 2233 964 2297 138
1007 2233 1176 2316 (loco
1208 2257 1248 2299 a
1277 2233 1812 2299 Reifferscheidio
1845 2233 2255 2317 emendato),
2288 2231 2590 2295 Servium
2632 2227 2718 2292 ad

427 2333 614 2431 Virg.
651 2333 774 2398 Ge.
808 2333 844 2398 I
874 2334 977 2398 75.
1023 2335 1351 2399 Isidorum
1381 2336 1496 2400 Or.
1530 2335 1599 2398 X
1632 2334 1773 2400 159.
1820 2333 2186 2398 Arnobium
2218 2332 2369 2397 adv.
2403 2341 2578 2416 gent.
2611 2331 2719 2395 III

303 2504 313 2517 ,
425 2436 540 2501 38:
595 2435 690 2501 ita
729 2444 829 2502 est
869 2444 1090 2502 tamen
1141 2438 1266 2504 ubi.
1307 2438 1664 2503 etiamnum
1704 2436 2190 2503 controversiae
2240 2434 2526 2500 obnoxia
2575 2456 2717 2497 esse

425 2545 710 2623 putetur.

598 2641 816 2726 Atque
837 2640 906 2704 in
928 2640 1261 2707 Ciceronis
1287 2643 1554 2727 Topicis
1579 2664 1636 2705 c.
1660 2642 1724 2722 2,
1748 2642 1828 2704 10
1858 2648 2013 2705 ‘cum
2043 2647 2145 2703 lex
2166 2645 2407 2704 assiduo
2430 2642 2716 2703 vindicem

339 2738 352 2751 ‘
427 2746 734 2805 assiduum
762 2762 889 2807 esse
917 2748 1131 2816 iubeat,
1155 2751 1499 2823 locupletem
1532 2748 1688 2807 iubet
1712 2748 1990 2822 locupleti
2000 2767 2017 2805 :
2048 2747 2307 2820 locuples
2326 2747 2481 2805 enim
2504 2751 2591 2805 est
2608 2762 2717 2803 as-

427 2850 662 2922 siduus,
698 2856 766 2909 ut
796 2851 884 2908 ait
903 2848 1186 2924 Aelim,
1218 2854 1559 2926 appellatus
1600 2851 1676 2909 ab
1704 2866 1849 2909 aere
1880 2844 1949 2929 (l.
1982 2845 2141 2927 asse)
2175 2848 2413 2907 dando'
2444 2842 2529 2906 de
2560 2842 2713 2907 Sex.

429 2942 619 3009 Aelio
648 2946 811 3010 haec
835 2947 1161 3033 accipiunt
1190 2970 1338 3012 cum
1369 2946 1517 3011 aliis
1537 2947 1934 3027 Dirksenus,
1960 2947 2378 3030 Suringarus‚
2407 2942 2715 3023 OrelliuS,

427 3047 838 3131 Huschkius,
865 3048 946 3112 de
961 3050 1036 3115 C.
1052 3049 1240 3114 Aelio
1258 3047 1451 3114 Gallo
1469 3049 1769 3133 Eggerus
1786 3072 1801 3131 3
1825 3070 2171 3134 perperam
2193 3056 2564 3132 utrumque,
2580 3046 2715 3131 opi-

429 3171 570 3214 nor.
602 3148 776 3213 Nam
787 3148 1052 3214 Aelium
1068 3151 1334 3215 Gallum
1355 3173 1486 3217 non
1505 3151 1717 3234 magis
1734 3149 1962 3215 Cicero
1985 3150 2175 3215 novit
2197 3171 2391 3234 quam
2406 3147 2649 3230 Varr03
2678 3168 2718 3209 a

428 3252 669 3316 veteris
701 3261 921 3317 autem
943 3253 1087 3317 ICti
1108 3252 1327 3318 indole
1357 3252 1665 3319 abhorret
1694 3250 2129 3337 etymologica
2151 3250 2337 3317 vocis
2368 3247 2715 3335 explicatio

429 3351 637 3437 qualis
668 3352 845 3418 Aelii
873 3355 1289 3441 grammatici
1318 3354 1581 3419 demum
1610 3353 1910 3420 doctrina
1938 3350 2281 3417 informari
2308 3352 2543 3437 potuit.
2599 3351 2717 3415 At-

431 3475 555 3539 que
585 3454 816 3519 eodem
847 3454 1148 3520 ducimur
1176 3456 1364 3539 inde,
1396 3457 1575 3541 quod
1603 3458 1671 3521 in
1693 3455 1884 3520 Pauli
1915 3454 2239 3539 excerptis
2272 3475 2336 3538 p.
2364 3454 2405 3516 9
2433 3476 2497 3517 v.
2531 3452 2716 3516 Assi-

431 3556 598 3620 duus
622 3557 850 3620 eadem
874 3557 1199 3623 derivatio
1225 3567 1770 3624 commemoratur
1792 3561 1926 3620 ‘alii
1942 3576 2073 3619 eum
2096 3562 2202 3633 qui
2215 3568 2449 3635 sumptu
2466 3560 2717 3633 proprio

430 3662 752 3739 militabat,
785 3663 861 3724 ab
891 3680 1055 3723 asse
1081 3664 1330 3725 dando
1360 3670 1625 3725 vocatum
1656 3663 2104 3725 existimarunt'
2123 3656 2167 3737 ¹)
2199 3657 2304 3721 cui
2335 3655 2607 3721 Verrius
2641 3655 2716 3717 ni

432 3950 703 4014 cogitavit
738 3955 794 4002 et
829 3956 961 4003 ante
1007 3967 1129 4002 eum
1162 3967 1274 4003 van
1310 3951 1617 4015 Heusdius;
1668 3952 1762 4017 qui
1807 3950 1965 4017 peius
2011 3951 2179 4001 etiam
2216 3966 2265 4015 p.
2304 3948 2402 3999 327
2438 3963 2491 3999 v.
2531 3945 2713 3999 Salios

434 4034 732 4086 ‘Critolaus’
767 4038 1004 4089 mutavit
1038 4038 1096 4087 in
1132 4038 1285 4088 ‘Stilo
1321 4039 1539 4095 Aelius-³,
1579 4039 1741 4101 quasi
1774 4038 1996 4088 veniam
2030 4035 2155 4085 inde
2192 4038 2415 4093 nactus,
2454 4035 2713 4098 quoniam

433 4121 489 4166 et
523 4117 741 4171 Aelium
789 4126 1010 4173 constat
1055 4123 1302 4174 carmina
1349 4121 1592 4173 Saliaria
1636 4122 2026 4189 explanavisse
2073 4124 2129 4170 et
2175 4117 2457 4169 Critolaus
2504 4118 2599 4181 qui
2644 4118 2717 4166 sit

430 4218 763 4267 ignoramus.

571 4303 612 4369 ¹)
648 4307 790 4358 redit
826 4311 994 4360 etiam
1031 4310 1178 4377 apud
1215 4309 1540 4361 Ciceronem
1576 4309 1642 4361 de
1679 4325 1795 4376 rep.
1820 4308 1985 4370 1122,
2018 4309 2087 4359 40
2120 4307 2241 4358 sine
2279 4306 2525 4357 auctoris
2562 4320 2713 4355 men·

434 4388 611 4450 tione,
649 4393 744 4443 ubi
779 4394 971 4448 itidem
1007 4397 1110 4448 ‘ab
1148 4412 1264 4447 asse
1300 4396 1513 4447 dando’
1562 4412 1683 4445 cum
1720 4395 1945 4445 Osanno
1992 4391 2419 4458 restituendum,
2462 4396 2526 4441 ut
2567 4391 2713 4440 idem
