3016 4888
419 292 502 357 32
1252 305 1475 357 CAPVT
1521 308 1871 356 ALTERVM.

354 462 772 551 ‘'verborum
826 482 993 546 quae
1049 462 1419 526 communia
1460 463 1798 543 dicuntur,
1851 462 1923 526 id
1976 473 2077 528 est
2128 463 2604 550 deponentium
2676 473 2760 527 et

420 564 635 629 active
667 572 731 627 et
761 565 1024 649 passive
1054 571 1519 650 usurpatorum
1541 563 1593 651 ¹)
1626 563 1712 627 ad
1741 564 2018 629 verbum
2048 566 2337 630 testandi
2367 566 2530 630 haee
2552 568 2758 631 citat

420 668 680 730 ‘Aelius-.-
724 671 972 745 inpubes
1007 671 1293 745 libripens
1318 687 1445 730 esse
1472 686 1590 729 non
1629 676 1817 744 polest
1852 688 2040 746 neque
2077 676 2386 731 antestari.
2445 674 2756 748 προδια-

428 771 943 848 μαρτυρηθῆναι.’
956 768 1009 853 ²)
1074 772 1367 832 ‘Laelius'
1401 776 1553 831 ante
1581 767 1930 833 Hertzium
1961 768 2358 853 vulgabatur
2399 792 2484 833 ex
2523 768 2751 835 libris

426 869 893 935 deterioribus:
930 878 999 935 at
1030 892 1177 933 cum
1197 870 1267 933 in
1289 868 1883 952 Halberstadiensi‚
1910 892 2100 957 quem
2126 872 2358 935 ceteris
2380 869 2750 958 praetulit,

418 969 731 1036 Krehlius
783 972 1062 1036 referret
1110 981 1339 1037 extare
1393 978 1614 1036 ‘celius
1626 980 1668 1050 ⁹,
1723 973 1879 1036 inde
1929 971 2006 1036 C.
2053 972 2226 1037 Aelii
2277 994 2512 1061 nomen
2564 996 2748 1038 cum

425 1094 678 1137 summa
706 1074 1010 1139 veritatis
1042 1072 1278 1160 specie,
1312 1073 1368 1138 si
1398 1084 1852 1158 argumentum
1883 1084 2162 1160 spectas,
2190 1076 2484 1162 reposuit
2505 1074 2745 1139 Lach-

418 1196 693 1239 mannus
735 1175 806 1240 in
848 1174 1089 1241 Annal.
1132 1176 1253 1240 iur.
1304 1176 1533 1242 scient.
1574 1176 1803 1241 histor.
1851 1175 1958 1240 XI
1990 1177 2110 1239 116
2153 1178 2247 1261 (et
2285 1176 2372 1241 ad
2403 1178 2655 1242 Gaium
2691 1174 2740 1239 Ι
2815 1246 2820 1252 ,

586 1378 729 1443 Iam
758 1401 916 1445 vero
950 1401 1098 1444 cum
1126 1402 1257 1445 non
1289 1388 1544 1445 tantam
1575 1402 1720 1445 esse
1749 1378 1926 1445 illius
1973 1380 2215 1446 codicis
2249 1382 2734 1447 auctoritatem

416 1502 590 1545 nunc
620 1481 884 1568 quidem
915 1483 1072 1547 satis
1105 1480 1512 1568 exploratum
1547 1482 1632 1547 sit
1659 1481 1859 1569 idque
1898 1483 2116 1568 ipsum
2143 1504 2302 1547 num
2332 1491 2565 1548 ‘celius'
2598 1508 2732 1549 ex·-

420 1592 513 1648 tet
542 1606 774 1669 parum
806 1584 1054 1669 liqueat
1085 1582 1200 1668 (cf.
1230 1583 1545 1649 Hertzius
1590 1585 1674 1649 ad
1703 1584 1812 1668 l.)‚
1855 1607 1940 1649 ex
1979 1586 2374 1669 optimorum
2415 1569 2732 1651 codicum
2823 1632 2831 1635 -

418 1686 743 1772 scriptura
776 1692 1050 1751 ‘melius'
1081 1724 1165 1733 --
1195 1707 1363 1771 quae
1393 1686 1626 1751 eadem
1655 1694 1758 1751 est
1795 1685 1866 1748 in
1897 1686 2282 1766 Quintiliani
2313 1686 2728 1773 Guelferby-

415 1796 568 1852 tano
622 1787 938 1874 simplicis
983 1786 1265 1853 nominis
1310 1786 1598 1851 ‘Aelius'
1641 1787 1971 1871 corruptio
2029 1826 2108 1833 --
2157 1788 2470 1852 Hertzius
2526 1786 2732 1853 dedit

416 1894 695 1966 ‘Aeliu-3⁹,
727 1888 807 1955 de
848 1910 919 1953 re
949 1890 1153 1954 nihilo
1185 1890 1387 1953 setius
1416 1888 1840 1953 Lachmanno
1885 1886 2411 1974 adstipulatus.³)
2476 1881 2600 1953 Cui
2629 1914 2726 1955 ne

417 1990 559 2076 ipse
590 2011 847 2076 quoque
887 1988 1281 2075 adstipuler‚
1322 2000 1584 2076 praeter
1624 1988 1787 2053 illud
1833 1990 2010 2076 quod
2049 1990 2240 2076 posui
2285 1988 2487 2055 Gellii
2527 1989 2723 2055 locus

418 2090 582 2157 facit
608 2091 691 2156 N.
728 2093 812 2156 A.
844 2092 977 2157 XV
1013 2092 1119 2174 13,
1156 2092 1263 2156 11:
1308 2094 1420 2179 qui
1460 2114 1610 2156 cum
1651 2090 1848 2179 plane
1893 2091 2123 2158 eodem
2163 2090 2436 2157 consilio
2477 2094 2720 2157 verbo-

414 2214 562 2256 rum
594 2194 1029 2258 communium
1060 2203 1482 2278 conspectum
1513 2202 1695 2277 agat,
1735 2194 1803 2256 in
1845 2216 1920 2259 eo
1964 2216 2234 2259 numero
2275 2204 2340 2259 et
2380 2196 2520 2280 ipse
2564 2216 2720 2258 ver-

415 2295 573 2359 bum
615 2294 792 2381 quod
834 2304 935 2359 est
980 2304 997 2329 ‘
1017 2301 1223 2358 testor'
1265 2295 1471 2359 refert
1510 2294 1739 2359 addito
1783 2294 2081 2382 exemplo
2124 2317 2208 2360 ex
2249 2296 2392 2360 XII
2431 2294 2671 2361 tabulis
2694 2318 2715 2357 ε

418 2398 561 2472 ‘Oui
592 2418 656 2461 se
692 2402 861 2461 sierit
900 2403 1173 2461 testarier
1216 2400 1576 2476 libripensve
1606 2401 1832 2474 fuerit,
1887 2403 1956 2462 ni
1991 2404 2377 2463 testimonium
2410 2402 2716 2477 feriatur,

416 2504 700 2578 inprobus
728 2503 1183 2579 intestabilisque
1210 2503 1372 2564 esto?
1433 2500 1627 2580 Quod
1661 2499 1718 2562 si
1759 2522 1904 2563 cum
1936 2501 2259 2564 Prisciani
2299 2499 2441 2566 1000
2487 2508 2716 2580 0011111-

416 2598 571 2665 leris
589 2649 607 2683 ,
638 2609 915 2687 utroque
945 2623 1163 2665 raram
1192 2623 1421 2666 vocem
1452 2584 2130 2684 ‘libripens'kiunctam
2159 2623 2306 2664 cum
2349 2624 2499 2666 raro
2541 2603 2716 2665 eius-

420 2701 569 2767 dem
632 2703 818 2768 verbi
879 2725 1002 2768 usu
1068 2703 1335 2788 passivo
1391 2699 1857 2786 deprehendis:
1921 2699 2078 2785 quid
2137 2700 2340 2784 igitur
2399 2701 2582 2767 aliud
2640 2705 2714 2766 in

418 2815 722 2892 promptu
754 2811 855 2869 est
883 2813 1171 2869 statuere
1199 2805 1327 2867 nisi
1358 2802 1635 2868 alterum
1667 2801 1750 2867 ad
1781 2801 2058 2866 alterum
2087 2802 2413 2887 respicere
2443 2803 2537 2867 ita
2573 2805 2712 2890 qui-

421 2907 601 2990 dem,
654 2914 729 2972 ut
780 2906 943 2990 legis
995 2905 1202 2971 verba
1246 2907 1331 2970 ab
1374 2902 1565 2968 Aelio
1609 2903 1975 2967 accuratius
2022 2902 2311 2969 describi
2365 2903 2712 2970 dicantur?

424 3007 655 3096 Neque
688 3009 859 3073 enim
891 3007 1078 3072 aliter
1109 3006 1381 3071 offensio
1423 3003 1676 3068 tollitur
1704 3023 1902 3090 quam
1939 3026 2070 3069 non
2102 3007 2249 3068 sine·
2273 3027 2508 3070 caussa
2553 3029 2711 3072 non·

538 3245 604 3315 ⁶¹)
643 3251 826 3303 Verbo
865 3263 1277 3301 commemorem
1316 3263 1437 3298 eam
1474 3244 1947 3298 enumerationem
1993 3245 2101 3296 etsi
2134 3250 2286 3297 recte
2321 3244 2717 3297 Lachmannus

428 3333 673 3390 affirmat
711 3352 745 3385 a
781 3336 924 3386 bono
964 3339 1189 3385 auctore
1225 3337 1415 3384 vetere
1458 3332 1768 3398 profectam
1807 3345 1956 3391 esse,
2001 3336 2186 3382 tamen
2230 3347 2376 3380 nunc
2420 3333 2555 3382 mire
2601 3336 2716 3381 tur-

424 3418 617 3470 batam
665 3421 781 3485 legi
834 3435 902 3469 ac
946 3419 1124 3471 videri
1178 3435 1246 3468 ex
1292 3416 1501 3468 duobus
1551 3417 1737 3482 potius
1789 3415 2036 3466 fontibus
2094 3415 2387 3466 conflatam
2445 3431 2599 3480 esse,
2647 3431 2720 3466 ex

432 3507 592 3568 parte
631 3504 799 3554 etiam
836 3504 1256 3570 interpolatam:
1294 3517 1459 3567 quam
1495 3518 1609 3552 rem
1648 3500 1762 3551 alio
1800 3500 1924 3550 1000
1960 3499 2184 3551 uberius
2217 3517 2537 3567 persequar.

564 3588 607 3655 ²)
647 3589 1045 3653 προεδιαμαρτ.
1085 3589 1361 3639 Salmasio
1398 3590 1702 3652 praeeunte
1727 3585 2136 3648 Lachmannus,
2176 3590 2234 3635 at
2273 3603 2341 3638 ea
2367 3589 2716 3638 correctione

429 3689 538 3724 non
574 3690 711 3741 opus
750 3679 851 3727 est.
925 3675 998 3723 cf.
1037 3673 1341 3738 Porphyrio
1380 3671 1451 3721 ad
1484 3672 1682 3720 Horat.
1722 3669 1840 3720 Sat.
1879 3671 1908 3720 1
1943 3673 2002 3734 9,
2041 3671 2106 3720 65
2153 3674 2427 3722 ‘antestari
2469 3679 2546 3720 est
2589 3685 2716 3734 erqo

428 3767 572 3809 ante
606 3761 819 3820 testari,
856 3760 1053 3809 seilicet
1086 3766 1353 3824 antequam
1386 3773 1580 3807 manum
1614 3756 1854 3805 iniciat':
1893 3769 2036 3818 quae
2074 3756 2218 3806 male
2262 3757 2490 3806 vexavit
2531 3757 2716 3805 novis-

403 3845 595 3903 simus
642 3843 837 3896 editor.
918 3842 1275 3908 Eandemque
1330 3839 1665 3894 sententiam
1719 3839 1969 3905 pluribus
2027 3843 2318 3906 exequitur
2372 3838 2718 3890 Ritschelius

425 3931 568 3979 Mus.
606 3929 687 3983 rh.
711 3929 819 3980 VII
855 3929 976 3980 574.
1030 3929 1373 3994 Quamquam
1412 3926 1596 3992 aptius
1633 3926 1691 3974 ni
1725 3925 1895 3976 fallor
1931 3940 2050 3975 011111
2087 3927 2312 3977 ‘anhelo’
2347 3925 2453 3975 hoc
2487 3925 2718 3974 verbum

430 4014 759 4081 coniunges=
803 4019 867 4064 ut
900 4013 1241 4080 praepositio
1277 4029 1380 4079 par
1426 4013 1501 4062 sit
1537 4026 1773 4076 graecae
1810 4007 1946 4075 ἀνά,
1993 4011 2166 4062 umbr.
2205 4025 2303 4062 an.
2377 4008 2446 4059 cf.
2486 4009 2714 4059 Lottne-

430 4113 523 4148 rus
558 4101 617 4149 in
652 4097 840 4148 Kuhni
873 4097 1071 4151 Annal.
1108 4097 1217 4151 VII
1251 4115 1303 4164 p.
1340 4100 1423 4149 21.

564 4181 605 4247 3)
642 4184 851 4234 Probat
896 4167 1064 4234 etiam
1109 4183 1419 4234 Rudorffius
1464 4182 1535 4233 H.
1584 4179 1620 4229 i.
1659 4193 1703 4229 r.
1738 4178 1768 4230 I
1801 4197 1854 4246 p.
1891 4179 1992 4230 236
2029 4195 2096 4228 ae
2144 4183 2286 4231 ‘non
2331 4181 2452 4230 sine
2499 4177 2718 4229 dubita-

428 4268 581 4319 tione
602 4271 619 4298 ’
654 4267 975 4318 Huschkius
1012 4269 1123 4322 Iur.
1150 4273 1263 4322 ant.
1303 4286 1357 4334 p.
1382 4267 1475 4318 29:
1515 4265 1582 4316 de
1609 4265 1806 4316 Laelio
1831 4264 2021 4314 Felice
2061 4265 2228 4316 etiam
2261 4263 2518 4330 intellegi
2552 4278 2716 4330 posse

432 4369 499 4404 ex
534 4354 797 4405 librorum
830 4351 934 4404 fide
970 4353 1231 4419 opinatus
1267 4370 1319 4419 p.
1360 4356 1425 4405 73
1458 4355 1572 4403 not.
