3016 4888
545 351 640 399 DE
684 348 1071 397 VETERIBVS
1118 347 1220 395 XII
1265 346 1692 395 TABVLARVM
1735 345 2308 395 INTERPRETIBVS.
2497 332 2577 397 27

292 529 424 593 que
452 505 792 593 proprium
823 503 938 584 sit,
992 504 1107 569 ubi
1152 500 1348 588 plena
1400 500 1682 595 nominis
1716 499 2114 584 significatio
2145 498 2578 585 desideratur,

290 632 376 675 ea
416 610 499 673 de
539 630 609 675 re
650 605 1007 673 admodum
1046 604 1323 671 fluctuat
1361 603 1736 668 criticorum
1780 601 2117 667 iudicium.
2189 604 2422 691 Itaque
2468 606 2580 691 qui

288 710 632 777 Aeliorum
660 710 1033 795 fragmenta
1063 706 1495 791 collegerunt,
1528 704 1798 771 Stilonis
1829 726 1960 771 van
1989 704 2324 771 Heusdius
2339 754 2358 789 ‚
2403 706 2582 771 Galli

289 812 765 879 Heimbachius
782 861 801 895 ,
841 811 1185 897 utriusque
1227 809 1529 895 Eggerus
1572 806 1820 892 (Latini
1869 829 2059 873 serm.
2101 816 2344 875 vetust.
2385 794 2578 896 rellss),

292 915 451 980 Sex.
484 913 659 981 Aelii
710 924 774 981 et
826 912 1005 979 Galli
1059 912 1432 977 Dirksenus
1488 912 1590 995 (in
1629 910 1802 976 libro
1844 909 2327 977 ‘Bruchstiicke
2358 934 2416 975 a.
2454 910 2584 976 den
2628 982 2657 999 φ

292 1018 628 1083 Schriften
650 1018 768 1083 der
786 1024 951 1082 rom.
968 1014 1318 1097 Juristen')
1342 1023 1409 1081 et
1436 1012 1818 1077 Huschkius
1849 1011 2244 1099 (Iurisprud.
2271 1012 2580 1079 anteiust.

290 1142 463 1207 quae
492 1119 894 1206 supersunt),
940 1140 1058 1204 pro
1089 1116 1362 1182 arbitrio
1394 1114 1707 1203 pleraque
1729 1114 2218 1201 disposuerunt.
2265 1115 2404 1181 Nec
2426 1138 2582 1181 vero

296 1222 579 1288 multum
605 1221 937 1287 lucramur
964 1242 1096 1285 van
1125 1218 1410 1284 Heusdii
1438 1216 1711 1285 consilio
1743 1217 1853 1303 qui
1877 1215 1964 1281 ad
1984 1217 2064 1280 L.
2077 1217 2340 1283 Aelium
2365 1218 2588 1284 omnia

295 1324 429 1389 nisi
479 1346 645 1409 quae
697 1323 785 1388 ad
835 1324 937 1387 ius
990 1321 1185 1389 civile
1242 1320 1620 1407 pertineant
1676 1319 2051 1385 revocanda
2107 1342 2252 1385 esse
2309 1321 2577 1386 statuit:

297 1427 599 1513 quamvis
641 1426 766 1491 hoc
805 1426 949 1512 ipse
979 1425 1206 1490 statim
1235 1422 1552 1491 concedat
1583 1444 1782 1509 saepe
1808 1443 2044 1508 parum
2073 1422 2358 1487 discerni
2387 1444 2586 1511 posse

293 1529 407 1615 (de
435 1529 514 1592 L.
545 1527 737 1593 Aelio
770 1528 915 1594 Stil.
950 1527 1225 1614 disquiS.
1256 1550 1320 1613 p.
1352 1526 1485 1607 62).
1545 1524 1748 1590 Plura
1789 1523 1961 1589 enim
1993 1532 2060 1589 et
2086 1523 2318 1589 Aelius
2351 1524 2584 1590 Gallus

293 1630 661 1717 disputavit
689 1652 857 1717 quae
884 1630 1153 1716 propria
1178 1628 1340 1693 iuris
1373 1626 1586 1693 civilis
1614 1649 1746 1692 non
1777 1634 1931 1691 sunt
1956 1664 2043 1677 ·--
2072 1626 2159 1691 cf.
2182 1649 2287 1713 ap.
2313 1627 2590 1693 Festum

292 1758 361 1798 v.
392 1742 647 1798 torrens
664 1778 683 1813 ‚
725 1741 1058 1819 petrarum
1087 1752 1385 1815 genera,.
1410 1728 1612 1794 saltus
1629 1776 1648 1811 ‚
1692 1728 1825 1793 alia
1853 1766 1938 1777 --
1966 1737 2034 1793 et
2061 1727 2289 1794 Aelius
2323 1728 2486 1796 Stilo
2516 1729 2588 1793 in

292 1834 461 1918 legis
487 1832 946 1921 explanatione
977 1835 1289 1899 tractavit
1318 1856 1404 1897 ex
1432 1832 1682 1897 intimis
1711 1832 1874 1896 iuris
1905 1831 2118 1895 civilis
2143 1820 2586 1918 penetralibus

292 1936 557 2001 hausta.
634 1937 737 2001 Ac
788 1945 1011 2002 tamen
1061 1934 1421 2021 simplicior
1458 1935 1624 1999 haec
1665 1952 1904 1998 caussa
1941 1942 2045 1997 est
2085 1956 2282 2020 quam
2323 1934 2588 1999 videtur

298 2061 466 2104 esse.
527 2038 699 2103 Nam
738 2039 1023 2123 primum
1053 2038 1361 2103 continuo
1392 2036 1621 2123 procul
1649 2035 1990 2101 habendus
2023 2043 2122 2101 est
2151 2034 2306 2101 Sex.
2334 2034 2587 2119 Aelim,

300 2140 487 2206 cuius
531 2147 597 2204 et
635 2148 894 2225 tempus
939 2148 1005 2203 et
1036 2138 1365 2205 scribendi
1406 2137 1773 2221 consilium,
1806 2135 1998 2224 quale
2027 2137 2232 2201 fuisse
2262 2136 2454 2202 modo
2486 2159 2588 2203 co-

298 2242 672 2328 gnovimuS,
706 2241 1117 2327 aliquantum
1148 2241 1353 2307 distat
1381 2240 1467 2307 ab
1496 2241 1776 2306 istorum
1804 2240 2320 2327 fragmentorum
2349 2239 2588 2326 quibus

299 2344 381 2409 de
423 2344 686 2429 linguae
727 2344 982 2409 ratione
1025 2344 1405 2431 plerumque
1444 2344 1666 2428 agitur
1695 2350 2099 2428 argumento.
2161 2342 2444 2407 Omnino
2475 2342 2588 2408 tri-

298 2447 689 2535 pertitorum
718 2448 1081 2534 posteriore
1112 2455 1329 2512 aetate
1356 2447 1638 2530 exiguus
1668 2469 1826 2510 usus
1855 2446 2064 2510 fuisse
2094 2444 2386 2512 videtur:
2433 2468 2588 2533 quoa-

298 2570 444 2614 rum
493 2550 847 2633 vestigium
896 2560 1159 2635 praeter
1206 2548 1606 2636 paucissima
1655 2547 1770 2612 illa
1821 2569 1988 2633 quae
2040 2570 2240 2636 supra
2289 2550 2590 2633 congessi

299 2651 547 2718 frustra
586 2651 899 2738 requiris:
960 2674 1173 2738 neque
1214 2674 1437 2717 eorum
1478 2648 1681 2714 ullam
1721 2651 2044 2716 rationem
2084 2651 2314 2717 Cicero
2357 2649 2590 2716 habuit

298 2775 448 2817 cum
479 2755 793 2841 expositis
824 2779 865 2820 a
894 2756 1013 2820 Cn.
1046 2755 1275 2819 Flavio
1306 2752 1982 2838 primumactionibus
2012 2750 2225 2816 nullos
2256 2752 2460 2816 fuisse
2489 2751 2586 2815 di-

297 2865 423 2936 cat,
458 2857 594 2940 ‘qui
614 2856 729 2920 illa
751 2854 1101 2922 artificiose
1126 2855 1383 2940 digesta
1406 2855 1766 2938 generatim
1794 2860 2275 2941 componerent'
2300 2855 2414 2940 (de
2436 2877 2529 2919 or.
2555 2852 2590 2917 Ι

301 2956 407 3037 41,
437 2955 609 3042 186).
651 2955 991 3021 Fallunter
1014 2959 1221 3042 igitur
1245 2959 1359 3043 qui
1393 2956 1547 3022 Sex.
1575 2955 1836 3022 Aelium
1860 2978 1900 3020 a
1920 2955 2220 3021 Varrone
2257 2957 2448 3022 citari
2471 2979 2586 3042 pu·

298 3065 445 3123 tant
469 3056 617 3124 del.
640 3059 685 3124 1.
700 3059 799 3125 VI
824 3060 859 3124 7
874 3063 1319 3140 ‘Intempestam
1341 3065 1544 3124 Aelius
1566 3063 1802 3123 dicebat
1819 3079 1991 3138 quom
2014 3069 2240 3139 tempus
2261 3063 2487 3138 ayendi
2503 3069 2592 3122 est

298 3165 574 3222 nullum':
602 3159 777 3245 quod
805 3161 1126 3226 Dirkseni
1156 3172 1590 3228 commentum
1622 3159 1693 3244 (1.
1724 3161 1767 3224 l.
1799 3183 1862 3246 p.
1893 3161 2008 3246 44)
2049 3161 2360 3246 probavit
2388 3162 2587 3226 Kem-

299 3261 469 3347 pfius
504 3258 639 3345 (ad.
674 3260 826 3325 Val.
856 3261 1038 3328 Max.
1070 3265 1172 3329 IV
1192 3266 1253 3344 3,
1287 3266 1354 3328 ’ἵε
1390 3263 1505 3328 ubi
1537 3284 1754 3328 errore
1777 3261 1878 3326 VI
1899 3263 1940 3325 3
1971 3265 2334 3348 exaratur),
2367 3263 2435 3326 in
2458 3286 2586 3326 me-

306 3362 412 3427 dio
454 3362 856 3449 reliquerunt
896 3364 1284 3429 Huschkius
1317 3365 1360 3429 l.
1396 3365 1435 3428 l.
1470 3388 1535 3451 p.
1571 3365 1604 3428 1
1636 3389 1699 3428 n.
1745 3373 1810 3429 et
1850 3363 2232 3430 Rudorffius
2273 3365 2308 3428 I
2337 3387 2403 3450 p.
2434 3365 2580 3429 234.

300 3463 530 3550 Neque
562 3465 733 3530 enim
760 3503 845 3518 -—
872 3477 947 3533 ut
979 3466 1059 3531 de
1089 3488 1161 3530 re
1192 3478 1449 3534 taceam
1478 3505 1564 3516 —-
1591 3468 1648 3531 is
1690 3465 1872 3533 locus
1914 3466 2245 3553 segregari
2287 3475 2507 3553 potest
2549 3489 2588 3530 a

302 3574 554 3653 septem
595 3567 863 3654 reliquis
907 3569 1143 3655 quibus
1189 3569 1401 3635 Varro
1443 3569 1514 3633 in
1554 3569 1660 3633 his
1711 3568 1898 3634 libris
1944 3569 2022 3632 L.
2067 3567 2244 3633 Aelii
2285 3568 2588 3652 magistri

294 3667 545 3754 placita
571 3668 641 3731 in
672 3670 1013 3734 consilium
1043 3672 1337 3738 vocavit:
1381 3670 1498 3736 ubi
1542 3672 1653 3757 qui
1695 3670 2100 3755 significetur
2144 3669 2416 3735 dubium
2455 3691 2588 3735 non

302 3777 423 3832 est.
484 3769 654 3834 Nam
694 3771 870 3857 quod
911 3773 1234 3858 quaedam
1275 3796 1359 3838 ex
1398 3773 1494 3837 eis
1527 3773 1717 3839 Aelio
1751 3770 1946 3840 Grallo
1979 3781 2045 3838 et
2074 3771 2188 3837 alii
2217 3771 2590 3839 tribuerunt

305 3991 467 4039 quam
510 3976 662 4028 dicat
708 3978 956 4029 crebram
1002 3980 1149 4044 apud
1184 3980 1410 4030 Festum
1456 3981 1792 4030 mentionem
1837 3993 1962 4031 esse
1999 3978 2243 4031 Orellius
2296 3981 2354 4029 in
2391 3977 2582 4030 Onom.

303 4060 452 4114 Tull.
489 4077 534 4115 s.
571 4079 622 4112 v.
658 4079 770 4115 non
805 4064 984 4130 magis
1020 4063 1274 4130 equidem
1311 4079 1576 4130 assequor
1611 4080 1775 4130 quam
1811 4079 1916 4129 quo
1961 4066 2081 4115 iure
2116 4063 2438 4115 Huschkius
2475 4064 2586 4114 Iur.

306 4150 418 4197 ant.
460 4163 513 4210 p.
553 4147 617 4199 73
651 4163 703 4197 n.
761 4149 821 4203 C.
868 4150 1017 4201 Aelii
1062 4150 1345 4200 cuiusdam
1394 4149 1607 4201 referat
1651 4153 1842 4200 extare
1889 4150 2036 4216 apud
2083 4149 2313 4206 eundem
2356 4149 2586 4204 Festum

306 4230 517 4296 aliquot
552 4247 619 4283 ex
655 4234 905 4286 oratione
940 4236 1274 4302 fragmenta.
1345 4235 1405 4289 C.
1442 4234 1674 4287 Laelii
1708 4234 1924 4299 quidem
1970 4238 2147 4287 oratio
2191 4251 2290 4300 pro
2340 4249 2400 4284 se
2439 4232 2586 4298 apud

304 4315 566 4380 populum
600 4320 821 4368 notatur
852 4334 908 4383 p.
948 4322 1045 4372 193
1083 4326 1139 4372 et
1174 4324 1275 4372 314
1308 4322 1412 4386 M„
1450 4319 1593 4385 quod
1627 4335 1826 4370 nomen
1862 4321 2032 4370 etiam
2067 4335 2121 4386 p.
2163 4323 2260 4372 182
2297 4321 2446 4373 recte
2484 4332 2582 4383 pro

306 4399 485 4450 Coelii
520 4401 735 4453 nomine
771 4403 1058 4455 substituit
1090 4407 1321 4458 Lionius
1356 4408 1414 4456 in
1448 4405 1630 4456 indice
1667 4404 2032 4457 Muelleriano
2071 4421 2122 4470 p.
2158 4407 2276 4461 441.
