3016 4888
756 343 850 392 DE
895 342 1263 390 Dvonnom
1308 341 1737 390 TAnvnAnvu
1780 341 2128 390 ΜΕΜΟΜΑ.
2504 331 2585 393 21

295 506 456 582 tius,
487 501 880 579 Lambinus,
917 496 1312 580 Salmasius,
1347 496 1744 578 GronoviuS‚
1774 495 1910 561 alii.
1972 496 2267 577 Quorum
2298 501 2589 564 omnium

294 625 484 668 curas
529 603 790 666 criticas
824 600 1195 666 Dirksenus
1239 622 1318 664 ea
1358 621 1489 688 qua
1519 621 1640 688 par
1670 607 1770 663 est
1797 598 2115 684 religione
2144 600 2213 664 in
2243 600 2588 667 consilium

295 705 595 787 vocavit,
648 702 1016 769 laudandus
1069 703 1270 767 etiam
1321 724 1427 784 eo,
1477 702 1656 788 quod
1684 711 1764 788 'et
1804 702 1991 768 vanis
2034 700 2167 767 illis
2199 705 2588 770 restituendi

295 807 694 875 ornamentis
741 807 813 872 in
851 807 1371 891 fragmentorum
1412 825 1689 869 recensu
1717 804 2039 872 abstinuit
2069 813 2136 869 et
2164 805 2451 892 plurima
2478 831 2585 873 cu-

292 909 512 998 pidius
563 932 759 996 quam
799 908 1021 976 verius
1066 908 1151 971 ab
1195 906 1557 973 editoribus
1604 915 1867 992 arrepta
1906 907 2153 973 reiecit.
2247 909 2455 996 Atqui
2504 933 2587 975 ne

293 1014 438 1099 ipse
470 1012 735 1098 quidem
765 1034 902 1075 rem
933 1009 1224 1076 absolvit
1253 1031 1372 1074 nec
1403 1009 1619 1075 voluit
1648 1007 2026 1093 absolvere3
2060 1031 2208 1075 cum
2228 1011 2355 1076 hoc
2376 1013 2585 1098 magis

293 1124 549 1201 ageret,
593 1124 667 1182 ut
709 1121 1022 1197 congesta
1066 1113 1151 1177 ab
1177 1111 1325 1176 aliis
1359 1111 1688 1196 digereret
1718 1119 1784 1176 et
1810 1113 1883 1175 in
1911 1135 2043 1179 uno
2077 1123 2426 1201 conspectu
2456 1114 2586 1181 col-

291 1218 539 1282 locaret
569 1239 765 1303 quam
795 1225 870 1281 ut
898 1213 1164 1302 proprio
1196 1214 1408 1279 Marte
1449 1214 1521 1276 in
1560 1213 1950 1300 fragmentis
1982 1214 2198 1282 denuo
2226 1225 2583 1283 retractan-

292 1320 393 1385 dis
425 1318 815 1384 elaboraret.
874 1316 1015 1381 Nec
1055 1317 1268 1402 magis
1308 1316 1460 1381 huic
1502 1316 1599 1380 rei
1630 1325 1953 1382 vacarunt
1982 1319 2097 1404 qui
2126 1327 2279 1404 post
2307 1318 2583 1386 Dirkse-

288 1445 446 1487 num
515 1421 658 1486 XII
732 1417 1104 1486 tabularum
1187 1418 1474 1484 editores
1546 1418 1912 1484 extiterunt
1978 1419 2225 1485 Zellius
2292 1420 2586 1506 (Legum

289 1522 432 1589 XII
484 1523 666 1591 tabb.
721 1522 960 1606 fragm.
1015 1522 1197 1588 Frib.
1256 1522 1448 1606 1825)
1505 1519 1899 1586 Hauboldus
1969 1521 2173 1606 (Inst.
2227 1523 2349 1586 iur.
2394 1522 2581 1588 Rom.

290 1625 392 1691 ed.
440 1625 598 1691 Otto
646 1625 810 1690 1826
849 1625 935 1706 ΙΙ,
981 1627 1014 1688 1
1038 1662 1108 1672 -
1131 1623 1260 1709 10.)
1326 1624 1685 1690 Cosmanus
1752 1624 1851 1710 (in
1901 1624 2029 1689 den
2084 1624 2279 1691 Texii
2339 1623 2583 1690 Fontes

287 1738 419 1795 tres
451 1728 574 1792 iur.
629 1727 756 1793 civ.
803 1748 964 1791 rom.
1009 1727 1223 1791 Amst.
1272 1726 1487 1812 1840.)
1534 1727 1837 1810 Eggerus
1879 1726 2131 1814 (Latini
2172 1749 2365 1792 serm.
2404 1736 2589 1793 vetu-

292 1831 512 1897 stioris
554 1829 870 1917 reliquiae
909 1829 1061 1894 Par.
1103 1827 1270 1894 1843
1300 1852 1363 1915 p.
1399 1829 1482 1893 89
1518 1829 1689 1916 sqq.)
1722 1829 2061 1894 Demelius
2094 1829 2375 1915 (Legum
2417 1853 2585 1918 quae

287 1932 375 1998 ad
403 1933 506 1997 ius
539 1930 734 1997 civile
763 1941 1063 2019 spectant
1101 1930 1476 2015 fragmenta
1504 1931 1759 1995 Vimar.
1808 1930 1971 1996 1857
2002 1953 2067 2017 p.
2107 1933 2139 1994 1
2179 1933 2352 2018 sqq.)
2386 1933 2583 1998 Gnei-

285 2035 450 2101 stius
516 2033 778 2119 (Instit.
838 2042 904 2097 et
961 2034 1171 2116 regul.
1237 2033 1364 2096 iur.
1430 2055 1593 2098 rom.
1674 2041 2024 2119 syntagma
2079 2031 2351 2120 Lipsiae
2418 2034 2581 2100 1858

286 2161 352 2225 p.
397 2135 540 2200 XII
581 2132 754 2223 sqq.)
806 2133 1125 2198 Brunsius
1181 2133 1451 2220 (Fontes
1503 2135 1629 2199 iur.
1685 2155 1847 2198 rom.
1892 2135 2149 2220 antiqui
2191 2135 2364 2200 Tub.
2412 2137 2579 2201 1860

283 2263 348 2327 p.
381 2238 424 2304 5
454 2237 660 2324 sqq.):
707 2236 820 2323 qui
861 2234 998 2300 fere
1041 2235 1482 2301 substiterunt
1520 2236 1591 2299 in
1620 2234 1799 2300 illius
1830 2235 2133 2322 vestigiis
2164 2236 2579 2323 paucissimis
2684 2277 2695 2284 κ

288 2341 371 2405 de
401 2362 519 2406 suo
542 2336 652 2405 vel
676 2338 946 2404 mutatis
977 2337 1084 2404 vel
1117 2337 1462 2426 suppletis.
1524 2339 1627 2403 Ac
1654 2375 1741 2387 —
1768 2361 1850 2403 ne
1892 2339 1975 2404 de
2014 2339 2109 2404 eis
2153 2339 2371 2406 dicam
2412 2362 2580 2429 quae

285 2442 622 2510 latuerunt
649 2440 1062 2506 Dirksenum
1093 2462 1350 2526 quaeve
1379 2451 1613 2528 postea
1642 2439 1905 2506 demum
1929 2465 2014 2507 ex
2034 2442 2327 2509 fontibus
2351 2465 2577 2511 recens

288 2544 568 2629 repertis
609 2543 1030 2608 innotuerunt
1069 2578 1154 2589 —-
1192 2565 1340 2607 eum
1390 2540 1583 2629 plura
1634 2551 1787 2607 sunt
1836 2552 1986 2629 post
2026 2543 2211 2608 illum
2251 2566 2293 2609 a
2332 2546 2578 2611 criticis

286 2648 454 2713 bene
484 2652 752 2727 novata,
785 2654 924 2709 tum
954 2644 1146 2732 plura
1172 2667 1347 2709 nunc
1369 2643 1563 2711 novis
1587 2643 1855 2727 auxiliis
1875 2646 2184 2711 instructi
2206 2656 2271 2713 et
2290 2648 2579 2713 maxime

285 2746 752 2834 grammaticae
789 2747 1068 2816 Latinae
1105 2747 1344 2813 studiis
1385 2769 1593 2833 nuper
1634 2746 2195 2813 efflorescentibus
2241 2748 2451 2815 adiuti
2479 2772 2577 2814 re·

285 2851 452 2915 etius
481 2868 680 2937 quam
707 2858 849 2913 tum
876 2848 1019 2913 fieri
1051 2848 1265 2935 potuit
1297 2857 1362 2912 et
1391 2856 1683 2913 statuere
1711 2846 1865 2915 licet
1896 2859 1961 2914 et
1991 2847 2385 2935 intellegere.
2446 2850 2577 2916 Ita-

285 2975 410 3039 que
439 2954 574 3017 iam
603 2952 725 3016 hoc
752 2950 1168 3037 potissimum
1197 2950 1563 3036 flagitatur,
1614 2959 1689 3015 ut
1725 2950 2019 3038 reliquiis
2060 2952 2222 3037 legis
2255 2952 2568 3036 coHectis,

285 3054 556 3119 resectis
587 3054 888 3121 omnibus
922 3074 1091 3141 quae
1113 3054 1296 3119 oneri
1321 3063 1385 3118 et
1409 3054 1672 3117 ornatui
1690 3055 1899 3139 magis
1926 3054 2059 3120 sint
2082 3076 2279 3140 quam
2301 3053 2573 3140 fructui,

284 3155 560 3222 fontium
611 3156 892 3242 primum
943 3165 1012 3220 et
1059 3142 1190 3220 fi’de
1243 3164 1308 3219 et
1366 3156 1683 3220 memoria
1740 3156 2110 3221 accuratius
2172 3159 2572 3241 examinata,

285 3258 521 3323 deinde
552 3257 714 3324 loeis
744 3258 916 3322 inter
947 3279 1017 3321 se
1049 3255 1304 3321 collatis
1336 3257 1957 3345 quaestionibusque
1985 3258 2321 3325 hominum
2358 3258 2574 3325 docto-

221 3368 232 3377 ·
284 3383 430 3424 rum
459 3370 600 3425 tum
640 3360 932 3446 priorum
975 3368 1116 3423 tum
1156 3357 1593 3425 recentiorum
1634 3353 1979 3444 adhibitis,
2033 3361 2265 3447 ecquid
2304 3362 2571 3427 tandem

284 3464 446 3528 certi
477 3462 676 3527 statui
706 3462 919 3549 possit
949 3469 1014 3526 et
1042 3483 1378 3548 quousque
1408 3461 1606 3528 liceat
1634 3463 1869 3548 pedem
1910 3471 2050 3528 tuto
2092 3463 2419 3549 proferre,
2462 3486 2573 3530 ex-

243 3625 262 3647 ,
283 3562 593 3651 ploretur.
654 3563 766 3629 Ad
803 3585 972 3650 quae
1012 3586 1131 3650 pro
1173 3565 1333 3629 meis
1375 3564 1632 3630 viribus
1674 3564 2074 3650 praestanda
2113 3565 2421 3653 deinceps
2469 3590 2571 3633 ac-

285 3665 536 3731 cedam.

284 3924 513 3975 ‘Nullus
554 3927 639 3975 est
673 3924 770 3989 qui
805 3923 872 3974 de
906 3924 1128 3989 legibus
1163 3924 1272 3975 XII
1307 3924 1625 3975 tabularum
1661 3924 1962 3989 quidquam
1997 3924 2193 3977 docere
2240 3942 2325 3977 me
2372 3929 2570 3992 possit,

283 4024 352 4059 ne
391 4008 651 4060 Cuiacius
691 4008 932 4073 quidem,
972 4010 1069 4074 qui
1101 4025 1211 4060 non
1246 4008 1589 4062 inficiabitur
1624 4026 1710 4060 me
1746 4009 1835 4060 illi
1869 4010 2041 4060 multa
2076 4011 2144 4061 de
2178 4010 2248 4060 iis
2285 4010 2569 4062 indicasse

285 4107 429 4157 quae
465 4093 735 4145 hactenus
774 4109 894 4144 eum
929 4094 1257 4146 latuerant)
1305 4095 1380 4145 cf.
1405 4094 1856 4160 Ber-naysius‘l.
1884 4095 1929 4147 Ι.
1956 4093 2239 4160 Scaliger-²
2275 4111 2329 4160 p.
2362 4097 2460 4146 144
2483 4111 2567 4161 sq.
2640 4095 2649 4105 '
